
@book{ackerman:1961architecture,
  title = {The Architecture of {{Michelangelo}}},
  author = {Ackerman, James S.},
  date = {1961},
  publisher = {{Viking}},
  location = {{New York}},
  langid = {english}
}

@article{ackerman:1962theory20,
  title = {A {{Theory}} of {{Style}}},
  author = {Ackerman, James S.},
  date = {1962},
  journaltitle = {The Journal of Aesthetics and Art Criticism},
  volume = {20},
  pages = {227--237},
  issn = {0021-8529},
  doi = {10.2307/427321},
  eprint = {427321},
  eprinttype = {jstor},
  number = {3}
}
% == BibLateX quality report for ackerman:1962theory20:
% ? Title looks like it was stored in title-case in Zotero

@article{ackerman:1983tuscan42,
  title = {The {{Tuscan}} / {{Rustic Order}}: {{A Study}} in the {{Metaphorical Language}} of {{Architecture}}},
  shorttitle = {The {{Tuscan}} / {{Rustic Order}}},
  author = {Ackerman, James S.},
  date = {1983},
  journaltitle = {Journal of the Society of Architectural Historians},
  volume = {42},
  pages = {15--34},
  issn = {0037-9808},
  doi = {10.2307/989854},
  abstract = {Sebastiano Serlio begins his account of the orders with a description of the Tuscan order that associates it with the practice of rustication, implying that the two should be joined because both originated in Tuscany. In the process of investigating how this marriage came about and what it means, this essay traces the Renaissance interpretations of the Tuscan order from Vitruvius and Alberti through Scamozzi and then undertakes to discover what Renaissance theorists knew about the ancient use, first of the Tuscan order, and then of Rustication. Returning to Serlio, it suggests that his association of the two traditions was adapted from the practice of Giulio Romano, and reflects an interest in the dialectic between nature and culture characteristic of the second, post-classical generation of 16th-century designers.},
  eprint = {989854},
  eprinttype = {jstor},
  number = {1}
}
% == BibLateX quality report for ackerman:1983tuscan42:
% ? Title looks like it was stored in title-case in Zotero

@book{ackerman:1986architecture,
  title = {The Architecture of {{Michelangelo}}},
  author = {Ackerman, James S.},
  date = {1986},
  edition = {2},
  publisher = {{University of Chicago Press}},
  location = {{Chicago}},
  langid = {english}
}

@book{alberti:1512re,
  title = {De re aedificatoria},
  author = {Alberti, Leon Battista},
  date = {1512},
  publisher = {{in Sole aureo vici Sancti Iacobi [Berthold Rembolt]. Et in intersignio trium coronarum e regione diui Benedicti [Ludwig Hornken]}},
  location = {{Paris}},
  url = {http://archive.org/details/bub_gb_0h2ufvZ_fNkC},
  urldate = {2019-12-20},
  abstract = {Leonis Baptistae Alberti Florentini ... Libri de re aedificatoria decem. Opus integrum et absolutum; diligenterque recognitum ... Facta est etiam capitum ipsorum non inelegans tabula ..},
  editora = {{National Central Library of Rome}},
  editoratype = {collaborator},
  keywords = {bub_upload},
  langid = {latin},
  pagetotal = {381}
}

@book{alberti:2011arte,
  title = {Da arte edificatória},
  author = {Alberti, Leon Battista},
  date = {2011},
  publisher = {{Fundação Calouste Gulbenkian}},
  location = {{Lisboa}},
  editora = {do Espírito Santo, Arnaldo},
  editoratype = {collaborator},
  isbn = {978-972-31-1374-7},
  keywords = {Fontes},
  langid = {portuguese},
  translator = {Krüger, Mário Júlio Teixeira}
}

@article{allais:2005ordering,
  title = {Ordering the {{Orders}}: {{Claude Perrault}}'s "{{Ordonnance}}" and the {{Eastern Colonnade}} of the {{Louvre}}},
  shorttitle = {Ordering the {{Orders}}},
  author = {Allais, Lucia},
  date = {2005},
  journaltitle = {Thresholds},
  pages = {58--74},
  issn = {1091-711X},
  eprint = {43876206},
  eprinttype = {jstor},
  number = {28}
}
% == BibLateX quality report for allais:2005ordering:
% ? Title looks like it was stored in title-case in Zotero

@book{argan:1973concepto,
  title = {El concepto del espacio arquitectónico desde el barroco a nuestros días},
  shorttitle = {El concepto del espacio arquitectónico},
  author = {Argan, Giulio Carlo},
  date = {1973},
  publisher = {{Nueva Visión}},
  location = {{Buenos Aires}},
  langid = {spanish},
  series = {Curso dictado en el Instituto Universitario de Historia de la Arquitectura, Tucumán, 1961},
  translator = {Rainis, Liliana}
}

@article{argan:1983tipologia,
  title = {Tipología},
  author = {Argan, Giulio Carlo},
  date = {1983-11},
  journaltitle = {Sumarios},
  pages = {2--14},
  url = {https://www.palladiomuseum.org/annali/1959/4/pdf},
  urldate = {2019-12-17},
  number = {71}
}

@book{argan:1998historia,
  title = {História da arte como história da cidade},
  author = {Argan, Giulio Carlo},
  date = {1998},
  publisher = {{Martins Fontes}},
  location = {{São Paulo}},
  isbn = {978-85-336-0927-3},
  langid = {portuguese},
  translator = {Cabra, Pier Luigi}
}

@book{argan:1999classico,
  title = {Clássico anticlássico: o Renascimento de Brunelleschi a Bruegel},
  shorttitle = {Clássico anticlássico},
  author = {Argan, Giulio Carlo and Mammi, Lorenzo},
  date = {1999},
  publisher = {{Companhia das Letras}},
  location = {{São Paulo}},
  isbn = {978-85-7164-833-3},
  langid = {portuguese}
}

@book{argan:2004imagem,
  title = {Imagem e persuasão: ensaios sobre o barroco},
  shorttitle = {Imagem e persuasão},
  author = {Argan, Giulio Carlo and Contardi, Bruno},
  date = {2004},
  publisher = {{Companhia das Letras}},
  location = {{São Paulo}},
  isbn = {85-359-0579-0 978-85-359-0579-3},
  langid = {portuguese},
  translator = {Dias, Maurício Santana and Mammi, Lorenzo}
}
% == BibLateX quality report for argan:2004imagem:
% 'isbn': not a valid ISBN

@book{armstrong:2013leroy,
  title = {Julien-{{David Leroy}} and the {{Making}} of {{Architectural History}}},
  author = {Armstrong, Christopher Drew},
  date = {2013-04-15},
  publisher = {{Routledge}},
  abstract = {This book examines the career and publications of the French architect Julien-David Leroy (1724–1803) and his impact on architectural theory and pedagogy.  Despite not leaving any built work, Leroy is a major international figure of eighteenth-century architectural theory and culture. Considering the place that Leroy occupied in various intellectual circles of the Enlightenment and Revolutionary period, this book examines the sources for his ideas about architectural history and theory and defines his impact on subsequent architectural thought. This book will be of key interest to graduate students and scholars of Enlightenment-era architectural history.},
  isbn = {978-1-135-76396-1},
  keywords = {Architecture / General,Architecture / History / General,Art / History / General,Complementar},
  langid = {english},
  pagetotal = {316}
}
% == BibLateX quality report for armstrong:2013leroy:
% ? Title looks like it was stored in title-case in Zotero

@incollection{armstrong:2017academie,
  title = {The {{Académie Royale}} d’{{Architecture}} (1671–1793)},
  booktitle = {The Companions to the History of Architecture},
  author = {Armstrong, Christopher Drew},
  editor = {Mallgrave, Harry Francis},
  date = {2017},
  pages = {15.1--15.29},
  publisher = {{Wiley : Blackwell}},
  location = {{Chichester, West Sussex ; Malden, Mass.}},
  isbn = {978-1-4443-3851-5},
  keywords = {Architecture,History}
}
% == BibLateX quality report for armstrong:2017academie:
% ? Title looks like it was stored in title-case in Zotero

@inreference{atlas:2020,
  title = {\emph{Atlas }{{\emph{Maior}}}},
  booktitle = {Wikipedia},
  date = {2020-07-20T16:59:15Z},
  url = {https://en.wikipedia.org/w/index.php?title=Atlas_Maior&oldid=968645086},
  urldate = {2020-07-31},
  abstract = {The Atlas Maior is the final version of Joan Blaeu's atlas, published in Amsterdam between 1662 and 1672, in Latin (11 volumes), French (12 volumes), Dutch (9 volumes), German (10 volumes) and Spanish (10 volumes), containing 594 maps and around 3,000 pages of text. It was the largest and most expensive book published in the seventeenth century. Earlier, much smaller versions, titled Theatrum Orbis Terrarum, sive, Atlas Novus, were published from 1634 onwards. Like Abraham Ortelius's Theatrum Orbis Terrarum (1570), the Atlas Maior is widely considered a masterpiece of the Golden Age of Dutch/Netherlandish cartography (approximately 1570s–1670s).},
  langid = {english}
}
% == BibLateX quality report for atlas:2020:
% Missing required field 'author'
% Missing required field 'editor'
% ? Title looks like it was stored in title-case in Zotero

@book{bacon:1974design,
  title = {Design of {{Cities}}},
  author = {Bacon, Edmund N.},
  date = {1974},
  publisher = {{Penguin}},
  location = {{New York}},
  keywords = {Textbook,Urban Design}
}
% == BibLateX quality report for bacon:1974design:
% ? Title looks like it was stored in title-case in Zotero

@article{badenhorst:2009central64,
  title = {The Central Cattle Pattern during the Iron Age of {{Southern Africa}}: {{A}} Critique of Its Spatial Features},
  shorttitle = {The Central Cattle Pattern during the Iron Age of {{Southern Africa}}},
  author = {Badenhorst, S.},
  date = {2009},
  journaltitle = {South African Archaeological Bulletin},
  volume = {64},
  pages = {148--155},
  abstract = {The Central Cattle Pattern (CCP) is the dominant model to interpret the Iron Age of southern Africa. Protagonists of the CCP argue that the model can be traced back to the Early Iron Age, when the first farmers settled in the region. In this paper, I suggest that the spatial features of the CCP are not diagnostic, and not restricted to patrilineal, Eastern Bantu-language speakers. The spatial features addressed include hut shape and village layout, centrally positioned livestock kraals, storage pits and burial data. The spatial features of the CCP, when applied to Early and Middle Iron Age sites, are inappropriate and mimicked by other cultures.},
  keywords = {Caprines,Cattle,Central cattle pattern,Farmers,Iron age},
  number = {190}
}

@article{baer:2007speculative34,
  title = {Is Speculative Building Underappreciated in Urban History?},
  author = {Baer, William C.},
  date = {2007},
  journaltitle = {Urban History},
  volume = {34},
  pages = {296--316},
  publisher = {{Cambridge University Press}},
  issn = {0963-9268},
  abstract = {The building industry's organization has been relatively invariant down through history due to housing's unique characteristics: durability, fixity in location, complex co-ordination of various trades on site and financing its great costs. That organizational form has allowed speculative development to flourish periodically during large increases in urban population, despite considerable risk. The same building and speculative processes occurred in ancient Rome and cities in England and the US at greatly different periods of time but those histories do not acknowledge the similarities of development processes that each reports. A separate 'housing literature' that steps back from particulars possibly explains why these accounts are so alike.},
  eprint = {44614223},
  eprinttype = {jstor},
  number = {2}
}
% == BibLateX quality report for baer:2007speculative34:
% Unexpected field 'publisher'

@book{baeta:2012teoria,
  title = {Teoria do Barroco},
  author = {Baeta, Rodrigo Espinha},
  date = {2012},
  publisher = {{EDUFBA : PPGAU}},
  location = {{Salvador}},
  isbn = {978-85-232-0995-7 85-232-0995-6},
  langid = {portuguese}
}
% == BibLateX quality report for baeta:2012teoria:
% 'isbn': not a valid ISBN

@book{ballon:1999louis,
  title = {Louis Le Vau: Mazarin's Collège, Colbert's revenge},
  shorttitle = {Louis Le Vau},
  author = {Ballon, Hilary},
  date = {1999},
  publisher = {{Princeton Architectural Press}},
  location = {{Princeton}},
  isbn = {978-0-691-00186-9},
  langid = {french}
}

@artwork{barbari:1500veneza,
  title = {Veneza},
  author = {de' Barbari, Jacopo},
  year = {1500date QS:P571,+1500-00-00T00:00:00Z/9},
  url = {https://commons.wikimedia.org/wiki/File:Jacopo_de%27_Barbari_-_Venetie_MD_retouched.png},
  urldate = {2020-08-02}
}
% == BibLateX quality report for barbari:1500veneza:
% Unexpected field 'title'
% Unexpected field 'author'

@article{barbieri:2015scamozzis3,
  title = {Scamozzi’s {{Orders}} and {{Proportions}}: {{An End}} to {{Illusions}} or a {{Visionary Harbinger}}?},
  shorttitle = {Scamozzi’s {{Orders}} and {{Proportions}}},
  author = {Barbieri, Franco},
  date = {2015-01-07},
  journaltitle = {Architectural Histories},
  volume = {3},
  pages = {Art. 2},
  publisher = {{Ubiquity Press}},
  issn = {2050-5833},
  doi = {10.5334/ah.ce},
  abstract = {While many studies have addressed the issue of proportions in the work of Palladio, both in the orders and in the forms and dimensions of architecture, very little interest has been shown in Vincenzo Scamozzi’s handling of this theme. This article examines Scamozzi’s influential published commentary regarding the proportions of the orders, rooms, and entire buildings, and draws numerous comparisons with Palladio. It interprets Scamozzi as a bridge linking the Renaissance with Enlightenment thinking.},
  issue = {1},
  langid = {english},
  number = {1}
}
% == BibLateX quality report for barbieri:2015scamozzis3:
% Unexpected field 'publisher'
% ? Title looks like it was stored in title-case in Zotero

@book{bazin:1969historia,
  title = {História da arte da pré-história aos nossos dias},
  author = {Bazin, Germain},
  date = {1969},
  publisher = {{Bertrand}},
  location = {{Lisboa}},
  langid = {portuguese}
}

@book{bazin:1989historia,
  title = {História da história da arte: de Vasari a nossos dias},
  shorttitle = {História da história da arte},
  author = {Bazin, Germain},
  date = {1989},
  publisher = {{Martins Fontes}},
  location = {{São Paulo}},
  keywords = {HISTÓRIA DA ARTE |2 larpcal},
  langid = {por},
  pagetotal = {545},
  translator = {Danesi, Antônio de Pádua}
}

@book{bazin:2010barroco,
  title = {Barroco e Rococó},
  author = {Bazin, Germain},
  date = {2010},
  publisher = {{WMF Martins Fontes}},
  location = {{São Paulo}},
  isbn = {0-500-20018-1 978-0-500-20018-6},
  langid = {por},
  translator = {Cabral, Álvaro}
}
% == BibLateX quality report for bazin:2010barroco:
% 'isbn': not a valid ISBN
% ? Title looks like it was stored in title-case in Zotero

@book{benevolo:1972introducao,
  title = {Introdução à arquitetura},
  author = {Benevolo, Leonardo},
  date = {1972},
  publisher = {{Mestre Jou}},
  location = {{São Paulo}},
  keywords = {Básica},
  langid = {portuguese}
}

@article{benros:2012new,
  title = {A {{New Palladian Shape Grammar}}: {{A Subdivision Grammar}} as Alternative to the {{Palladian Grammar}}},
  shorttitle = {A {{New Palladian Shape Grammar}}},
  author = {Benrós, Deborah and Duarte, José P. and Hanna, Sean},
  date = {2012-12-01},
  journaltitle = {International Journal of Architectural Computing},
  publisher = {{SAGE PublicationsSage UK: London, England}},
  issn = {1478-0771},
  url = {https://journals.sagepub.com/doi/10.1260/1478-0771.10.4.521?icid=int.sj-related-articles.similar-articles.3},
  urldate = {2020-07-11},
  abstract = {The following paper describes a shape grammar that recreates Palladian villas. A Palladian grammar was originally proposed by Stiny and Mitchell. However, this ...},
  langid = {english}
}
% == BibLateX quality report for benros:2012new:
% Unexpected field 'publisher'

@article{benton:2012complete7,
  title = {Complete {{Mitochondrial Genome Sequencing Reveals Novel Haplotypes}} in a {{Polynesian Population}}},
  author = {Benton, Miles and Macartney-Coxson, Donia and Eccles, David and Griffiths, Lyn and Chambers, Geoff and Lea, Rod},
  editor = {Kayser, Manfred},
  date = {2012-04-13},
  journaltitle = {PLoS ONE},
  shortjournal = {PLoS ONE},
  volume = {7},
  pages = {e35026},
  issn = {1932-6203},
  doi = {10.1371/journal.pone.0035026},
  langid = {english},
  number = {4}
}
% == BibLateX quality report for benton:2012complete7:
% ? Title looks like it was stored in title-case in Zotero

@book{berger:1993palace,
  title = {The {{Palace}} of the {{Sun}}: {{The Louvre}} of {{Louis XIV}}},
  author = {Berger, Robert W.},
  date = {1993},
  publisher = {{Pennsylvania State University Press}},
  location = {{University Park, Penn.}},
  langid = {english}
}
% == BibLateX quality report for berger:1993palace:
% ? Title looks like it was stored in title-case in Zotero

@article{bernabei:1990jan,
  title = {Jan {{Białostocki}}, {{Formalism}}, and {{Iconology}}},
  author = {Bernabei, Franco},
  date = {1990-01-01},
  journaltitle = {Artibus et Historiae},
  shortjournal = {Artibus et Historiae},
  volume = {11},
  pages = {9--21},
  issn = {0391-9064},
  doi = {10.2307/1483396},
  abstract = {An examination of the cultural landscape preceding the official birth of iconology provides a rich and varied picture in which diverse critical tendencies merge and diverge. Even today, the exchange of ideas during this period can provide useful insights to help clarify the discussion of critical theory. The work of Jan Białostocki, which reflects the Polish scholar's open-mindedness, breadth of interests, and attention to the necessity of reconsidering perspectives in terms of contemporary art, offers an interpretation of iconology in which the contradictions between iconology and formalism, as developed by Panofsky, are absent. Moreover, Białostocki's interpretation of iconology furnishes an opportunity to consider several themes of the iconographic method in relation to formal problems, without confusion and freed from extraneous polemics. /// Une étude du paysage culturel avant la naissance de l'iconologie fait apparaître un tableau coloré aux multiples facettes, dans lequel les différents courants de la critique se rassemblent -- et divergent. Même aujourd'hui l'échange d'idées qui s'est produit à cette époque peut fournir des aperçus utiles pour aider à éclairer la discussion sur les théories critiques. L'oeuvre de Jan Białostocki reflète l'ouverture d'esprit de l'universitaire polonais, le large champ de ses intérêts et le soin nouveau qu'il a mis à choisir ses perspectives du point de vue de l'art contemporain. Il propose une interprétation de l'iconologie dans laquelle disparaissent les contradictions soulignées par Panofsky entre iconologie et formalisme. Plus encore, l'interprétation que Białostocki donne de l'iconologie permet de mettre différents thèmes de la méthode iconographique en relation avec des problèmes formels sans tomber dans la confusion et les polémiques étrangères au sujet. /// Eine Untersuchung der kulturellen Landschaft vor der Entstehung der Ikonologie liefert uns ein facettenreiches, buntes Bild, wobei unterschiedliche kritische Strömungen verschmelzen und auseinanderlaufen. Noch heute kann der Austausch von Ideen dieser Periode nützliche Einsichten bei der Klärung der Diskussion der kritischen Theorie liefern. Białostockis Werk reflektiert seine Aufgeschlossenheit, sein breites Interesse und seine Einsicht gegenüber der Notwendigkeit, Perspektiven vom Standpunkt der Gegenwartskunst neu zu überdenken. Seine Interpretation von Ikonologie weist nicht die bei Panofsky entwickelten Widersprüche zwischen Ikonologie und Formalismus auf. Außerdem ermöglicht uns Białostockis Interpretation von Ikonologie mehrere Themen der ikonographischen Methode im Hinblick auf formale Probleme in Ruhe und frei von fremder Polemik zu betrachten.},
  eprint = {1483396},
  eprinttype = {jstor},
  langid = {english},
  number = {22}
}
% == BibLateX quality report for bernabei:1990jan:
% ? Title looks like it was stored in title-case in Zotero

@article{bialostocki:1961modusproblem24,
  title = {Das Modusproblem in den bildenden Kunsten: Zur Vorgeschichte und zum Nachleben des "Modusbriefes" von Nicolas Poussin},
  shorttitle = {Das Modusproblem in den bildenden Kunsten},
  author = {Bialostocki, Jan},
  date = {1961},
  journaltitle = {Zeitschrift für Kunstgeschichte},
  shortjournal = {Zeitschrift für Kunstgeschichte},
  volume = {24},
  pages = {128},
  issn = {00442992},
  doi = {10.2307/1481515},
  eprint = {10.2307/1481515?origin=crossref},
  eprinttype = {jstor},
  langid = {german},
  number = {2}
}

@mvbook{blondel:1675cours,
  title = {Cours d’architecture Enseigné Dans l’{{Académie Royale}} d’{{Architecture}}},
  author = {Blondel, François},
  date = {1675},
  publisher = {{L. Rouilland}},
  location = {{Paris}},
  volumes = {2}
}

@mvbook{blondel:1752architecture,
  title = {Architecture Françoise, Ou {{Recueil}} Des Plans, Élévations, Coupes et Profils Des Églises, Maisons Royales, Palais, Hôtels  Édifices Les plus Considérables de {{Paris}}},
  author = {Blondel, Jacques-François},
  date = {1752},
  publisher = {{Charles-Antoine Jombert}},
  location = {{Paris}},
  abstract = {Type : texte imprimé, monographie Auteur(s) : Blondel, Jean-François Titre(s) : Architecture françoise, ou Recueil des plans, élévations, coupes et profils des églises, maisons royales, palais, hôtels amp; édifices les plus considérables de Paris. [Texte imprimé] / par Jacques-François Blondel,. Publication : A Paris : chez Charles-Antoine Jombert, 1752-1756 Description matérielle : 4 vol.: pl. ; in-fol. Autre(s) forme(s) du titre : - Transcription moderne du titre : Architecture française, ou Recueil des plans, élévations, coupes et profils des églises, maisons royales, palais, hôtels,. Titre alternatif : Recueil des plans, élévations, coupes et profils des églises, maisons royales, palais, hôtels amp; édifices les plus considérables de Paris. Sujet(s) : Architecture de la Renaissance -- Ouvrages avant 1800 Architecture -- 17e siècle -- Ouvrages avant 1800 Architecture -- 18e siècle -- Ouvrages avant 1800 Notice n° : FRBNF30115155},
  volumes = {4}
}

@mvbook{blondel:1771cours,
  title = {Cours d'architecture, ou, Traité de la décoration, distribution \& construction des bâtiments : contenant les leçons données en 1750, \& les années suivants},
  shorttitle = {Cours d'architecture},
  author = {Blondel, Jacques-François and Patte, Pierre},
  date = {1771},
  publisher = {{Desaint}},
  location = {{Paris}},
  url = {http://archive.org/details/coursdarchitectu01blon},
  urldate = {2017-11-24},
  abstract = {On t.p. of v. 5 and 6 of the text and v. 5 and 6 of the plates: Commencé par feû J.F. Blondel ... et continué par M. Patte; Imprint after 1771 (v. 2-6 and plates): Chez La Veuve Desaint ..; Half-title (text): Cours d'architecture civile; Plate vols. are bound as issued 2 v. in 1 with title: Planches pour la [1., 3., 5.] volume du Cours d'architecture, with half title midway: Planches du [2., 4., 6.] volume; Each text vol., 2-6, introduced by a précis of the contents of the preceding vol},
  editora = {{Getty Research Institute}},
  editoratype = {collaborator},
  keywords = {Architecture},
  langid = {french},
  pagetotal = {524},
  volumes = {6}
}

@book{blunt:1988baroque,
  title = {Baroque and {{Rococo}}: Architecture and Decoration},
  shorttitle = {Baroque and {{Rococo}}},
  author = {Blunt, Anthony},
  date = {1988},
  publisher = {{Wordsworth}},
  location = {{Ware, Hertfordshire}},
  url = {https://archive.org/details/baroquerococoarc00blun},
  urldate = {2019-07-29},
  langid = {english}
}

@mvbook{boltshauser:1963historia,
  title = {História da arquitetura},
  author = {Boltshauser, João},
  date = {1963},
  publisher = {{Escola de Arquitetura da U.M.G.}},
  location = {{Belo Horizonte}},
  keywords = {Básica},
  langid = {portuguese},
  volumes = {5}
}

@artwork{briangotts:map,
  title = {({{Map}} of {{Eurasia}} and {{North Africa}}, c. 870 {{CE}}. {{Trade}} Routes of the {{Radhanite Jewish}} Merchants Are Shown in Blue. {{Other}} Major Trade Routes Shown in Purple. {{Cities}} with Sizable {{Jewish}} Communities Are Shown in Brown. {{Some}} Routes Are Conjectural.)},
  author = {{Briangotts}},
  url = {https://commons.wikimedia.org/wiki/File:Radhanites2.png},
  urldate = {2020-08-02}
}
% == BibLateX quality report for briangotts:map:
% Unexpected field 'title'
% Unexpected field 'author'

@article{buker:1964baroque,
  title = {The {{Baroque S}}-{{T}}-{{O}}-{{R}}-{{M}}: {{A Study}} in the {{Limits}} of the {{Culture}}-{{Epoch Theory}}},
  shorttitle = {The {{Baroque S}}-{{T}}-{{O}}-{{R}}-{{M}}},
  author = {Buker, Alden},
  date = {1964-04-01},
  journaltitle = {The Journal of Aesthetics and Art Criticism},
  shortjournal = {The Journal of Aesthetics and Art Criticism},
  volume = {22},
  pages = {303--313},
  issn = {0021-8529},
  doi = {10.2307/427234},
  eprint = {427234},
  eprinttype = {jstor},
  number = {3}
}
% == BibLateX quality report for buker:1964baroque:
% ? Title looks like it was stored in title-case in Zotero

@book{burke:1994fabricacao,
  title = {A Fabricação do rei a construção da imagem publica de Luís XIV},
  author = {Burke, Peter},
  date = {1994},
  publisher = {{J. Zahar}},
  location = {{Rio de Janeiro}},
  isbn = {978-0-300-05153-7 978-85-7110-277-4},
  langid = {portuguese}
}
% == BibLateX quality report for burke:1994fabricacao:
% 'isbn': not a valid ISBN

@book{byington:2009projeto,
  title = {O projeto do renascimento},
  author = {Byington, Elisa},
  date = {2009},
  publisher = {{J. Zahar}},
  location = {{Rio de Janeiro}},
  isbn = {978-85-378-0143-7 85-378-0143-7},
  langid = {portuguese}
}
% == BibLateX quality report for byington:2009projeto:
% 'isbn': not a valid ISBN

@article{campbell:2002fare,
  title = {"{{Fare}} Una {{Cosa Morta Parer Viva}}": {{Michelangelo}}, {{Rosso}}, and the ({{Un}}){{Divinity}} of {{Art}}},
  shorttitle = {"{{Fare}} Una {{Cosa Morta Parer Viva}}"},
  author = {Campbell, Stephen J.},
  date = {2002-12-01},
  journaltitle = {The Art Bulletin},
  shortjournal = {The Art Bulletin},
  volume = {84},
  pages = {596--620},
  issn = {0004-3079},
  doi = {10.2307/3177286},
  abstract = {Michelangelo and his younger contemporary Rosso Fiorentino were formed within an artistic culture that grappled with a tension between two modalities of the image: on one hand, as manifestation of divine authority and authentic object of devotion and, on the other, as emotionally affecting and illusory simulation of presence-including divine presence-created by human virtuosity. The notion of the "divine" artist became attached to Michelangelo in particular, and Rosso and others reacted in certain works that questioned the legitimacy of his enterprise. This critique, internalized in turn by Michelangelo himself, determined the transgressive character of his later monumental works.},
  eprint = {3177286},
  eprinttype = {jstor},
  number = {4}
}

@artwork{canuckguy:2006english,
  title = {English: {{A}} Detailed {{Robinson}} Projection {{SVG}} Map with Grouping Enabled to Connect All Non-Contiguous Parts of a Country's Territory for Easy Colouring. {{Smaller}} Countries Can Also Be Represented by Larger Circles to Show Their Data More Clearly. {{A}} Thorough Description of Use and Other Instructions Relating to This Can Be Found on the Instructions Page.},
  shorttitle = {English},
  author = {{Canuckguy}},
  year = {12 de novembro de 2006 (data de carregamento original)},
  url = {https://commons.wikimedia.org/wiki/File:BlankMap-World.svg},
  urldate = {2020-07-31}
}
% == BibLateX quality report for canuckguy:2006english:
% Unexpected field 'title'
% Unexpected field 'author'

@book{carpo:2001architecture,
  title = {Architecture in the Age of Printing: Orality, Writing, Typography, and Printed Images in the History of Architectural Theory},
  shorttitle = {Architecture in the Age of Printing},
  author = {Carpo, Mario},
  date = {2001},
  url = {http://hdl.handle.net/2027/heb.05835},
  urldate = {2018-12-03},
  abstract = {Annotation The discipline of architecture depends on the transmission in space and time of accumulated experiences, concepts, rules, and models. From the invention of the alphabet to the development of ASCII code for electronic communication, the process of recording and transmitting this body of knowledge has reflected the dominant information technologies of each period. In this book Mario Carpo discusses the communications media used by Western architects, from classical antiquity to modern classicism, showing how each medium related to specific forms of architectural thinking. Carpo highlights the significance of the invention of movable type and mechanically reproduced images. He argues that Renaissance architectural theory, particularly the system of the five architectural orders, was consciously developed in response to the formats and potential of the new printed media. Carpo contrasts architecture in the age of printing with what preceded it: Vitruvian theory and the manuscript format, oral transmission in the Middle Ages, and the fifteenth-century transition from script to print. He also suggests that the basic principles of "typographic" architecture thrived in the Western world as long as print remained our main information technology. The shift from printed to digital representations, he points out, will again alter the course of architecture.},
  isbn = {978-0-262-26991-9 978-0-585-44597-7},
  langid = {english}
}
% == BibLateX quality report for carpo:2001architecture:
% 'isbn': not a valid ISBN

@article{carpo:2003drawing62,
  title = {Drawing with {{Numbers}}: {{Geometry}} and {{Numeracy}} in {{Early Modern Architectural Design}}},
  shorttitle = {Drawing with {{Numbers}}},
  author = {Carpo, Mario},
  date = {2003-12},
  journaltitle = {Journal of the Society of Architectural Historians},
  volume = {62},
  pages = {448--469},
  issn = {00379808, 21505926},
  doi = {10.2307/3592497},
  number = {4}
}
% == BibLateX quality report for carpo:2003drawing62:
% 'issn': not a valid ISSN
% ? Title looks like it was stored in title-case in Zotero

@book{chakrabarti:1998indian,
  title = {Indian Architectural Theory: Contemporary Uses of {{Vastu Vidya}}},
  shorttitle = {Indian Architectural Theory},
  author = {Chakrabarti, Vibhuti},
  date = {1998},
  publisher = {{Curzon}},
  location = {{Richmond}},
  isbn = {978-0-7007-1113-0},
  langid = {english},
  pagetotal = {212}
}

@book{ching:2011global,
  title = {A Global History of Architecture},
  author = {Ching, Francis D. K. and Jarzombek, Mark and Prakash, Vikramaditya},
  date = {2011},
  edition = {2nd ed},
  publisher = {{Wiley}},
  location = {{Hoboken, N.J}},
  abstract = {"The award-winning First Edition of A Global History of Architecture was a publishing event that forever changed the way architectural history is viewed and studied. This Second Edition surpasses the first with a lavish new design, illustrated throughout with drawings and photographs in full color, and even more maps and diagrams detailing global interconnections. The signature drawings of Francis D.K. Ching are more informative than ever, updated with scale, annotation, and function added where needed. This revision is sure to remain the most relevant book on the topic"--},
  isbn = {978-0-470-40257-3},
  keywords = {Architecture,History},
  langid = {english},
  pagetotal = {848}
}

@book{ching:2016historia,
  title = {História global da arquitetura},
  author = {Ching, Francis D. K. and Jarzombeck, Mark M. and Prakash, Vikramaditya},
  date = {2016-04-20},
  edition = {Edição: 1},
  publisher = {{Senac São Paulo}},
  abstract = {Organizado através de uma linha do tempo, História global da arquitetura apresenta um ponto de vista inovador para o estudo da história da arquitetura, abrangendo desde o ano de 3500 a.C. até o século XX. É um estudo sem precedentes, realizado por uma equipe de especialistas na área, que enfatiza as conexões, os contrastes e as influências dos movimentos arquitetônicos ao longo do tempo. A história da arquitetura mundial é apresentada a partir de uma estrutura unificada, auxiliando a interpretação e a compreensão do assunto, enriquecida pelas ilustrações de Francis D. K. Ching e por um significativo material fotográfico (mais de 1000 imagens).},
  isbn = {978-85-396-0903-1},
  langid = {Português}
}

@book{chitham:2005classical,
  title = {The Classical Orders of Architecture},
  author = {Chitham, Robert},
  date = {2005},
  edition = {2nd ed},
  publisher = {{Architectural Press}},
  location = {{Amsterdam}},
  isbn = {978-0-7506-6124-9},
  langid = {english},
  pagetotal = {228}
}

@book{choay:1986regra,
  title = {A regra e o modelo: sobre a teoria da arquitetura e do urbanismo},
  shorttitle = {A regra e o modelo},
  author = {Choay, Françoise},
  date = {1986},
  publisher = {{Perspectiva}},
  location = {{São Paulo}},
  keywords = {Complementar},
  langid = {portuguese}
}

@book{chuecagoitia:1977breve,
  title = {Breve historia del urbanismo},
  author = {Chueca Goitia, Fernando},
  date = {1977},
  edition = {4},
  publisher = {{Alianza}},
  location = {{Madrid}},
  isbn = {978-84-206-3519-4 978-84-206-1136-5},
  langid = {spanish}
}
% == BibLateX quality report for chuecagoitia:1977breve:
% 'isbn': not a valid ISBN

@article{conant:1968after-life27,
  title = {The After-{{Life}} of {{Vitruvius}} in the {{Middle Ages}}},
  author = {Conant, Kenneth J.},
  date = {1968},
  journaltitle = {Journal of the Society of Architectural Historians},
  volume = {27},
  pages = {33--38},
  issn = {0037-9808},
  doi = {10.2307/988426},
  eprint = {988426},
  eprinttype = {jstor},
  number = {1}
}

@article{dellaneva:2003,
  title = {Review of {{La Varietas}} à La {{Renaissance}}: {{Actes}} de La Journée d'étude Organisée Par l'{{Ecole}} Nationale Des Chartes, {{Paris}}, 27 Avril 2000 by {{Dominique}} de {{Courcelles}}},
  shorttitle = {Review of {{La Varietas}} à La {{Renaissance}}},
  author = {DellaNeva, JoAnn},
  date = {2003-12-01},
  journaltitle = {The Sixteenth Century Journal},
  shortjournal = {The Sixteenth Century Journal},
  volume = {34},
  pages = {1184--1185},
  issn = {0361-0160},
  doi = {10.2307/20061696},
  eprint = {20061696},
  eprinttype = {jstor},
  number = {4}
}

@thesis{derntl:2004,
  title = {A produção do espaço urbano sob as monarquias modernas os casos iniciais da Place des Vosges e de Covent Garden.},
  author = {Derntl, Maria Fernanda},
  date = {2004},
  location = {{São Paulo}},
  abstract = {Este trabalho trata de duas praças - Place des Vosges, em Paris e Covent Garden, em Londres - consideradas modelares na história do urbanismo. Essas praças foram produzidas no período inicial das intervenções urbanas das monarquias francesa e inglesa nas suas capitais, no século XVII. A bibliografia e a documentação pertinentes à história inicial da Place des Vosges e de Covent Garden são retomadas e analisadas com o objetivo de identificar as diretrizes dos seus projetos, esclarecer como vieram a ser construídas e destacar as contribuições de alguns agentes envolvidos na sua elaboração e construção. No caso da Place des Vosges, a construção foi gradativa, marcada pelos conflitos entre vários agentes, sem que tivesse existido um projeto mais bem definido de uma place royale pela Coroa. No caso de Covent Garden, a Coroa inglesa impôs de início o projeto de uma place royale, mas a resistência do Conde de Bedford impediu sua realização. Procura-se tratar o período inicial do século XVII como uma fase específica da evolução urbana de Paris e de Londres vinculada à organização de duas formas distintas de monarquias modernas na França e na Inglaterra.},
  editora = {Malaco, Jonas Tadeu Silva},
  editoratype = {collaborator},
  langid = {portuguese}
}
% == BibLateX quality report for derntl:2004:
% Unexpected field 'editora'
% Unexpected field 'editoratype'
% Missing required field 'type'
% Missing required field 'institution'

@article{derntl:2006inicio,
  title = {O Início Da História de Duas Praças Do Século 17: A {{Place}} Des {{Vosges}}, Em {{Paris}}, e {{Covent Garden}}, Em {{Londres}}},
  shorttitle = {O Início Da História de Duas Praças Do Século 17},
  author = {Derntl, Maria Fernanda},
  date = {2006-12},
  journaltitle = {Pós. Revista do Programa de Pós-Graduação em Arquitetura e Urbanismo da FAUUSP},
  shortjournal = {Pós},
  pages = {140--157},
  issn = {1518-9554},
  url = {http://revistas.usp.br/posfau/article/view/43490},
  urldate = {2013-04-26},
  abstract = {A bibliografia e a documentação pertinentes à história da Place des Vosges e de Covent Garden, na primeira metade do século 17, são retomadas e analisadas com o objetivo de identificar as diretrizes de seus projetos e esclarecer como vieram a ser construídas. Procura-se mostrar que, no caso da Place des Vosges, a construção foi gradativa e marcada por conflitos entre os vários agentes envolvidos, sem que tivesse existido um projeto mais bem definido de uma place royale pela Coroa francesa. Já no caso de Covent Garden, pôde-se entender que a Coroa inglesa impôs, de início, o projeto de uma place royale, mas a resistência do IV conde de Bedford às determinações reais impediu sua realização.},
  number = {20}
}
% == BibLateX quality report for derntl:2006inicio:
% ? Possibly abbreviated journal title Pós. Revista do Programa de Pós-Graduação em Arquitetura e Urbanismo da FAUUSP

@online{desterro:2008,
  title = {Francisco de Campos (c.1515-1580) e a Bella Maniera : entre a Flandres, Espanha e Portugal},
  shorttitle = {Francisco de Campos (c.1515-1580) e a Bella Maniera},
  author = {Desterro, Maria},
  date = {2008},
  url = {http://hdl.handle.net/10451/3938},
  urldate = {2013-10-06},
  abstract = {A periodização que nos balizou situa-se entre um certo élan de modernidade
cultural e artística que caracterizou o reinado de D. João III (a arte de Gregório
Lopes, por exemplo) e os anos de regência de D. Catarina em que o italianismo
se acentua, até aos alvores do domínio filipino, durante o qual a produção
pictórica evoluiria para uma pittura senza tempo, pautada pelos rigores do decoro
tridentino.
Ao estabelecer rupturas com os paradigmas tradicionais, Francisco de
Campos foi capaz de se libertar dos estiolantes constrangimentos que impunham
limitações aos artistas da geração anterior, gerando uma obra que assumiu um
papel de referência no contexto do Maneirismo internacional. A sua pintura
participa da essência maneirista dominante na Europa, demarcando-se do
mimetismo formal que caracterizava os artistas coetâneos nacionais, revelando
uma total compreensão do fenómeno criativo que o mesmo supõe e produzindo
uma obra tão original quanto moderna, que faz eco da dimensão sócio-cultural de
um tempo de mudança. Nela se pressente uma agitação íntima, que a perpassa
como um murmúreo, numa busca permanente de uma ideia de beleza universal
que lhe confere o sentido de “graça”, parecendo dar resposta à sua necessidade
formal de resolver a contradição íntima entre o sentimento lírico pessoal, que
procura na forma uma comunhão sensível, e a distância própria que impõe a
imagem litúrgica, de acordo com a tradição flamenga, da qual ele é herdeiro. Ora
o virtuosismo de Campos - como vemos na belíssima Epifania da Sé de Évora -
consiste precisamente em encontrar também no mundo litúrgico matéria de
lirismo pessoal, implicando as suas figuras a tomada de consciência de uma
realidade mais natural e humana, que interpela a sensibilidade pessoal do espectador.},
  keywords = {Campos; Francisco de; 1515?-1580,Humanismo - Europa - séc.15-16,Maneirismo - Europa,Pintura - séc.16,Teses de doutoramento - 2008},
  langid = {por}
}

@online{dias:2011,
  title = {Caracterização da paleta de Diogo de Torres. Quatro pinturas Retabulares do séc. XVI. Estudo da descoloração do azul de esmalte},
  author = {Dias, Joana Isabel Lampreia de Almeida},
  date = {2011},
  url = {http://hdl.handle.net/10362/8541},
  urldate = {2013-10-06},
  abstract = {Este trabalho pretende ser um estudo preliminar sobre a caracterização da paleta de Diogo de Torres, pintor maneirista, cujas pinturas forma intervencionadas recentemente. Para tal foram analisados os materiais constituintes das camadas cromáticas, presentes nas quatro pinturas retabulares do século XVI de Diogo de Torres Vedras e expostas na Igreja de S. Pedro em Dois Portos, bem como a sua técnica artística. Verificou-se a existência de uma preparação à base de gesso e a utilização de pigmentos comuns à época, como o branco de chumbo, goetite, terra de sombra, vermelhão, mínio, azurite, azul de esmalte, carvão e corante vermelho cochonilha nas quatro pinturas, através da análise por microscopia óptica, μ-EDXRF, μ-Raman, μ-FTIR, HPLC-DAD e μ-EDX-SEM. Foi identificado por μ-FTIR, a presença de aglutinante oleoso em todos os estratos analisados.
Foi ainda iniciado um projecto para o estudo da descoloração do azul esmalte, um dos pigmentos utilizados pelo artista. Este estudo teve como motivação a descoloração total das partículas de azul de esmalte, observada em todas as amostras analisadas das pinturas de Diogo de Torres. Com o intuito de compreender qual ou quais as causas e tendo presente dois factores que podem afectar a descoloração das partículas, a humidade relativa e o envelhecimento do óleo, estas amostras reais do séc. XVI foram analisadas por microscopia óptica, EDX-SEM e μ-FTIR e comparadas com amostras sintetizadas e reconstruções de camadas cromáticas de composição semelhante. A exposição durante quatro meses a 80\% de humidade relativa das reconstruções cromáticas não revelou degradação do pigmento, apresentando apenas, por exame de colorímetria, alteração da cor nas superfícies para valores mais amarelos, originados pelo óleo. Foi ainda analisado o pigmento antes e após ensaios de imersão, verificando-se uma variação de pH consistente com a sua degradação.},
  keywords = {Azul,Diogo,Esmalte,Maneirismo,Óleo,Pigmentos},
  langid = {por}
}

@book{dors:1990barroco,
  title = {O barroco},
  author = {d' Ors, Eugenio},
  date = {1990},
  publisher = {{Vega}},
  location = {{Lisboa}},
  isbn = {972-699-238-9 978-972-699-238-7},
  langid = {por},
  options = {useprefix=true},
  translator = {da Costa, Luís Alves}
}
% == BibLateX quality report for dors:1990barroco:
% 'isbn': not a valid ISBN

@artwork{eccles:2008orthographic,
  title = {An Orthographic Projection of {{Polynesia}}, Created from the Same Data as {{File}}:{{Worldmap}}\_location\_{{NED}}\_50m.Svg with Gringer's Perlshaper Script. {{Inkscape}} Was Used to Add Colour, Clip the Land, and Add Migration Arrows.},
  shorttitle = {An Orthographic Projection of {{Polynesia}}, Created from the Same Data as {{File}}},
  author = {Eccles, David},
  date = {2008-08-05},
  url = {https://commons.wikimedia.org/wiki/File:Polynesian_Migration.svg},
  urldate = {2020-07-31}
}
% == BibLateX quality report for eccles:2008orthographic:
% Unexpected field 'title'
% Unexpected field 'author'

@article{ehrmann:1950,
  title = {Antoine {{Caron}}},
  author = {Ehrmann, Jean},
  date = {1950-02-01},
  journaltitle = {The Burlington Magazine},
  shortjournal = {The Burlington Magazine},
  volume = {92},
  pages = {34--39},
  issn = {0007-6287},
  doi = {10.2307/870245},
  eprint = {870245},
  eprinttype = {jstor},
  number = {563}
}
% == BibLateX quality report for ehrmann:1950:
% ? Title looks like it was stored in title-case in Zotero

@article{etlin:1978dedans,
  title = {"{{Les Dedans}}," {{Jacques}}-{{François Blondel}} and the {{System}} of the {{Home}}},
  shorttitle = {Les {{Dedans}}},
  author = {Etlin, Richard A.},
  date = {1978-04},
  journaltitle = {Gazette des Beaux-Arts},
  pages = {137--147},
  url = {http://www.academia.edu/4302235/_Les_Dedans_Jacques-Francois_Blondel_and_the_System_of_the_Home},
  urldate = {2013-08-23},
  abstract = {No period of architecture demonstrates more clearly than the mid-eighteenth century that the home is organized according to particular architectural and social systems. At that time, the design of a town mansion or a country retreat was regulated bv},
  keywords = {Architectural History,Architectural Theory,Classical Architecture,Complementar,Country House History,French Architecture,Intellectual History of Enlightenment,Jacques-François Blondel},
  number = {91}
}
% == BibLateX quality report for etlin:1978dedans:
% ? Title looks like it was stored in title-case in Zotero

@collection{fage:1975cambridge,
  title = {The {{Cambridge}} History of {{Africa}} c. 1050 to c. 1600},
  editor = {Oliver, Roland Anthony},
  date = {1975},
  publisher = {{Cambridge University Press}},
  location = {{Cambridge ; New York}},
  editorb = {Fage, J. D.},
  editorbtype = {redactor},
  isbn = {978-0-521-20981-6},
  keywords = {Africa,History},
  number = {3},
  pagetotal = {8}
}

@book{fauvelle:2018golden,
  title = {The {{Golden Rhinoceros}}: {{Histories}} of the {{African Middle Ages}}},
  shorttitle = {The {{Golden Rhinoceros}}},
  author = {Fauvelle, François-Xavier},
  date = {2018-12-04},
  publisher = {{Princeton University Press}},
  doi = {10.2307/j.ctvc77kzq},
  eprint = {10.2307/j.ctvc77kzq},
  eprinttype = {jstor},
  isbn = {978-0-691-18394-7 978-0-691-18126-4},
  translator = {Tice, Troy}
}
% == BibLateX quality report for fauvelle:2018golden:
% 'isbn': not a valid ISBN
% ? Title looks like it was stored in title-case in Zotero

@collection{fauvelle:2019atlas,
  title = {Atlas Historique de l'{{Afrique}}},
  editor = {Fauvelle, François-Xavier and Surun, Isabelle},
  date = {2019},
  publisher = {{Autrement}},
  location = {{Paris}},
  editora = {Balavoine, Guillaume},
  editoratype = {collaborator},
  isbn = {978-2-7467-5114-9},
  keywords = {Africa,Atlases,Historical geography,History,Maps},
  pagetotal = {1},
  series = {Collection {{Atlas}}/Mémoires}
}

@article{fleisher:2014complexity35,
  title = {The Complexity of Public Space at the {{Swahili}} Town of {{Songo Mnara}}, {{Tanzania}}},
  author = {Fleisher, Jeffrey},
  date = {2014-09-01},
  journaltitle = {Journal of Anthropological Archaeology},
  shortjournal = {Journal of Anthropological Archaeology},
  volume = {35},
  pages = {1--22},
  issn = {0278-4165},
  doi = {10.1016/j.jaa.2014.04.002},
  abstract = {Public spaces have been long recognized as integral parts of urban settings, often granted importance by the public ceremonies and spectacles that they hosted. Interpretations of such public arenas often focus on elites that use them to construct and legitimize power and authority; city residents are thought to either accept these political machinations, or reject them and the space itself. Alternately, studies of public space that emphasize more practical uses, such as for production or other domestic activities tend to focus on those spaces directly associated with houses, emphasizing the everyday life of city residents. This paper works to set aside this dichotomy by exploring the multi-faceted open spaces at Songo Mnara, a medieval Swahili town on the southern Tanzanian coast. Songo Mnara is particularly well-suited to a study of Swahili public space because of its short occupation and clear town plan understood through standing architecture; it is likely the best example of how the southern Swahili understood a planned town should be organized in the fifteenth century AD. Archaeological research directed at the site’s open spaces has revealed a variety of public spaces which include a mix of deliberately-maintained areas reflecting some element of control and planning, and other less formal public spaces that seem to have been organized and maintained by non-elite residents of the town. This essay reviews literature on the archaeology of open and public space and explores how the case of Songo Mnara contributes to it, by walking the reader through what has been learned about the complex and variable public spaces of the town. The public spaces of Songo Mnara serve to broaden previous dichotomous approaches to urban open space.},
  keywords = {Commemoration,Public ceremonies,Public space,Songo Mnara,Swahili,Urban space},
  langid = {english}
}

@book{fletcher:1905history,
  title = {A History of Architecture on the Comparative Method for the Student, Craftsman, and Amateur},
  author = {Fletcher, Banister and Fletcher, Banister F.},
  date = {1905},
  edition = {5},
  publisher = {{Batsford : Scribner's sons}},
  location = {{London : New York}},
  url = {http://archive.org/details/historyofarchite00flet},
  urldate = {2019-01-31},
  editora = {{Wellesley College Library}},
  editoratype = {collaborator},
  langid = {english},
  pagetotal = {808}
}

@book{fletcher:1961history,
  title = {History of {{Architecture}} on the {{Comparative Method}}},
  author = {Fletcher, Banister F.},
  date = {1961},
  publisher = {{University of London}},
  location = {{London}}
}
% == BibLateX quality report for fletcher:1961history:
% ? Title looks like it was stored in title-case in Zotero

@book{forssman:1990dorico,
  title = {Dórico, jónico e coríntio na arquitectura dos séculos XVI-XVIII},
  shorttitle = {Dórico, jónico e coríntio},
  author = {Forssman, Erik},
  date = {1990},
  publisher = {{Presença}},
  location = {{Lisboa}},
  isbn = {978-972-23-1276-9},
  keywords = {Complementar},
  langid = {portuguese}
}

@collection{gray:2000cambridge,
  title = {The {{Cambridge}} History of {{Africa}} c. 1600 to c. 1790},
  editor = {Gray, Richard},
  date = {2000},
  edition = {Reprinted},
  publisher = {{Cambridge University Press}},
  location = {{Cambridge}},
  isbn = {978-0-521-20413-2},
  langid = {english},
  number = {4},
  pagetotal = {738}
}

@book{harbison:2009travels,
  title = {Travels in the History of Architecture},
  author = {Harbison, Robert},
  date = {2009},
  publisher = {{Reaktion Books}},
  location = {{London}},
  isbn = {978-1-86189-435-9},
  keywords = {Architecture,Architektur,Geschichte,History},
  pagetotal = {287}
}

@article{hart:1982reinterpreting,
  title = {Reinterpreting {{Wölfflin}}: {{Neo}}-{{Kantianism}} and {{Hermeneutics}}},
  author = {Hart, Joan},
  date = {1982},
  journaltitle = {Art Journal},
  volume = {42},
  pages = {292--300},
  issue = {4, The Crisis in the Discipline}
}
% == BibLateX quality report for hart:1982reinterpreting:
% ? Title looks like it was stored in title-case in Zotero

@article{hartt:1944raphael26,
  title = {Raphael and {{Giulio Romano}}: {{With Notes}} on the {{Raphael School}}},
  shorttitle = {Raphael and {{Giulio Romano}}},
  author = {Hartt, Frederick},
  date = {1944-06-01},
  journaltitle = {The Art Bulletin},
  shortjournal = {The Art Bulletin},
  volume = {26},
  pages = {67--94},
  issn = {0004-3079},
  doi = {10.2307/3046936},
  eprint = {3046936},
  eprinttype = {jstor},
  number = {2}
}
% == BibLateX quality report for hartt:1944raphael26:
% ? Title looks like it was stored in title-case in Zotero

@book{heydenreich:1998arquitetura,
  title = {Arquitetura na Itália: 1400-1500},
  shorttitle = {Arquitetura na Itália},
  author = {Heydenreich, Ludwig H.},
  date = {1998},
  publisher = {{Cosac \& Naify}},
  location = {{São Paulo}},
  keywords = {Básica},
  langid = {portuguese}
}

@artwork{ii:1641latin,
  title = {Latin:  {{Nova Totius Terrarum Orbis Geographica}} Ac {{Hydrographica TabulaNew Geographic}} and {{Hydrographic Map}} of the {{Whole Worldtitle QS}}:{{P1476}},La:"{{Nova Totius Terrarum Orbis Geographica}} Ac {{Hydrographica Tabula}}"},
  shorttitle = {Latin},
  author = {II, Henricus Hondius},
  year = {before 1641 date QS:P571,+1641-00-00T00:00:00Z/7,P1326,+1641-00-00T00:00:00Z/9},
  url = {https://commons.wikimedia.org/wiki/File:Nova_Totius_Terrarum_orbis_Geographica_ac_Hydrographica_Tabula_-_no-nb_krt_00678.jpg},
  urldate = {2020-07-31}
}
% == BibLateX quality report for ii:1641latin:
% Unexpected field 'title'
% Unexpected field 'author'

@book{koch:1998dicionario,
  title = {Dicionário dos estilos arquitetônicos},
  author = {Koch, Wilfried},
  date = {1998},
  publisher = {{Martins Fontes}},
  location = {{S=o Paulo}},
  isbn = {978-85-336-0493-3},
  langid = {portuguese},
  translator = {de Rezende, Neide L.}
}

@collection{kostof:1986architect,
  title = {The {{Architect}}: Chapters in the History of the Profession},
  shorttitle = {The {{Architect}}},
  editor = {Kostof, Spiro},
  date = {1986},
  publisher = {{Oxford University Press}},
  location = {{New York}},
  isbn = {978-0-19-504044-9 978-0-19-502067-0},
  keywords = {Architecture,Vocational guidance},
  pagetotal = {371}
}
% == BibLateX quality report for kostof:1986architect:
% 'isbn': not a valid ISBN

@book{kostof:1995history,
  title = {A History of Architecture: Settings and Rituals},
  shorttitle = {A History of Architecture},
  author = {Kostof, Spiro},
  date = {1995},
  edition = {2},
  publisher = {{Oxford University Press}},
  location = {{New York}},
  editora = {Castillo, Greg},
  editoratype = {collaborator},
  isbn = {978-0-19-508378-1},
  keywords = {Architecture,History},
  pagetotal = {792}
}

@book{laugier:1753essai,
  title = {Essai sur l'architecture},
  author = {Laugier, Marc-Antoine},
  date = {1753},
  publisher = {{A Paris : Chez Duchesne ...}},
  url = {http://archive.org/details/essaisurlarchite00laug},
  urldate = {2017-11-27},
  abstract = {Signatures: a(±a1) A-T V; Errata: p. [18] at end; final page blank; Includes index; Colophon: De l'imprimerie de la veuve Delatour, rue de la Harpe, 1753; Quérard; Bound in modern boards; cellum spine; gilt leather label on spine; sprinkled edges},
  editora = {{Getty Research Institute}},
  editoratype = {collaborator},
  keywords = {Architecture},
  langid = {french},
  pagetotal = {340}
}

@book{laugier:1755essai,
  title = {Essai sur l'architecture},
  author = {Laugier, Marc-Antoine},
  date = {1755},
  publisher = {{A Paris : Chez Duchesne, Libraire, rue S. Jacques, au-dessous de la Fontaine S. Benoît, au Temple du Goût}},
  url = {http://archive.org/details/surlarchitecture00laug},
  urldate = {2017-11-27},
  abstract = {The statement "par le p. Laugier ..." appears after the edition statement; Signatures: a-c A-V; Errata: p. [4] (second series); Thacher; Title page printed in red and black; title vignette; head- and tail-pieces; engraved frontispiece illustration; Some plates are signed: Fonbonne sculp; Publisher's advertisements: p. [4] at end; Includes index; Library's copies 1 and 2 lack frontispiece; Library's copy 1 bound in calf; spine gilt tooled; edges stained red; Library's copy 2 bound in mottled calf; spine and boards gilt tooled; gilt label with title and author's name on spine; edges stained red; manuscript notes on p. [ii]; Library's copy 3 bound in mottled calf; spine gilt tooled; gilt label on spine; marbled edges; Ulrich Middeldorf's label on front pastedown; Signatures: a-c⁸ A-V⁸; Catalogo ragionato dei libri d'arte e d'antichità posseduti dal conte Cicognara, 545},
  editora = {Duchesne, Nicolas-Bonaventure and Fonbonne, Anne and {Getty Research Institute}},
  editoratype = {collaborator},
  keywords = {Architecture},
  langid = {french},
  pagetotal = {394}
}

@book{laugier:1765observations,
  title = {Observations sur l'architecture},
  author = {Laugier, Marc-Antoine},
  date = {1765},
  publisher = {{La Haye, Desaint}},
  url = {http://archive.org/details/observationssurl00laug},
  urldate = {2017-11-27},
  abstract = {OCLC number: ocm03386961},
  editora = {{Boston Public Library}},
  editoratype = {collaborator},
  keywords = {Architecture},
  langid = {french},
  pagetotal = {360}
}

@book{laugier:1977essay,
  title = {An {{Essay}} on {{Architecture}}},
  author = {Laugier, Marc-Antoine},
  date = {1977},
  publisher = {{Hennessey \& Ingalls}},
  location = {{Los Angeles}},
  abstract = {This translation uses the text of the original 1753 edition. It also includes additions made by Laugier for the edition of 1755 as well as the Avertissement for that edition, which contains Laugier's rebuttal to his critics. An introduction by Wolfgang Herrmann gives details of Laugier's life and the context in which this book was written. The Essai is important as a key document in 18th century art theory. It is invaluable for a thorough understanding of the Neoclassical aesthetic and its development from the rationalism of the Enlightenment.},
  eprint = {ROxPAAAAMAAJ},
  eprinttype = {googlebooks},
  isbn = {978-0-912158-92-1},
  keywords = {Architecture / Criticism},
  langid = {english},
  pagetotal = {196},
  translator = {Herrmann, Wolfgang and Herrmann, Anni}
}
% == BibLateX quality report for laugier:1977essay:
% ? Title looks like it was stored in title-case in Zotero

@mvbook{leclerc:1714traite,
  title = {Traité d’architecture, avec des remarques et des observations tres-utiles pour les jeunes gens, qui veulent s’appliquer à ce bel art},
  shorttitle = {Traité d’architecture},
  author = {Leclerc, Sébastien},
  date = {1714},
  publisher = {{Giffart}},
  location = {{Paris}},
  url = {http://digi.ub.uni-heidelberg.de/diglit/leclerc1714ga?sid=2e58a9e997f4a7f535d7434aa176d322},
  editora = {Quillau, J and Giffart, Pierre},
  editoratype = {collaborator},
  langid = {french},
  volumes = {2}
}

@book{ledoux:1804larchitecture,
  title = {L'architecture considérée sous le rapport de l'art, des mœurs et de la législation},
  author = {Ledoux, Claude Nicolas},
  date = {1804},
  publisher = {{H.L. Peronneau}},
  location = {{Paris}},
  editora = {de Nobele, Fernand},
  editoratype = {collaborator},
  keywords = {Fontes},
  langid = {french}
}

@book{legrand:1842essai,
  title = {Essai sur l'histoire générale de l'architecture : pour servir de texte explicatif au Recueil et parallèle des édifices de tout genre anciens et modernes},
  shorttitle = {Essai sur l'histoire générale de l'architecture},
  author = {Legrand, Jacques Guillaume},
  date = {1842},
  publisher = {{Avanzo}},
  location = {{Liège}},
  url = {https://reader.digitale-sammlungen.de/de/fs1/object/display/bsb10059299_00007.html},
  urldate = {2019-02-25},
  langid = {french}
}

@book{liang:1984pictorial,
  title = {A Pictorial History of {{Chinese}} Architecture: {{A}} Study of the Development of Its Structural System and the Evolution of Its Types},
  shorttitle = {A Pictorial History of {{Chinese}} Architecture},
  author = {Liang, Sicheng},
  editor = {Fairbank, Wilma},
  date = {1984},
  publisher = {{MIT Press}},
  location = {{Cambridge, Mass.}},
  isbn = {978-0-486-43999-0},
  langid = {english}
}

@book{liang:2005chinese,
  title = {Chinese Architecture: A Pictorial History},
  shorttitle = {Chinese Architecture},
  author = {Liang, Sicheng},
  editor = {Fairbank, Wilma},
  date = {2005},
  publisher = {{Dover Publications}},
  location = {{Mineola, N.Y.}},
  isbn = {978-0-486-43999-0},
  keywords = {Architecture,China},
  pagetotal = {200}
}

@artwork{lorenzetti:1338ingles,
  title = {Inglês:  {{Effects}} of {{Good Government}} in the Citytitle {{QS}}:{{P1476}},En:"{{Effects}} of {{Good Government}} in the City"},
  shorttitle = {Inglês},
  author = {Lorenzetti, Ambrogio},
  year = {(1338 - 1339)},
  url = {https://commons.wikimedia.org/wiki/File:Ambrogio_Lorenzetti_-_Effects_of_Good_Government_in_the_city_-_Google_Art_Project.jpg},
  urldate = {2020-08-02}
}
% == BibLateX quality report for lorenzetti:1338ingles:
% Unexpected field 'title'
% Unexpected field 'author'

@book{lotz:1998arquitetura,
  title = {Arquitetura na Itália: 1500-1600},
  shorttitle = {Arquitetura na Italia},
  author = {Lotz, Wolfgang},
  date = {1998},
  publisher = {{Cosac \& Naify}},
  location = {{São Paulo}},
  isbn = {978-85-86374-10-4},
  keywords = {Básica},
  langid = {portuguese}
}

@collection{mallgrave:2006architectural,
  title = {Architectural Theory, {{Vol}}. 1: {{An}} Anthology from {{Vitruvius}} to 1870},
  editor = {Mallgrave, Harry Francis},
  date = {2006},
  publisher = {{Blackwell}},
  location = {{Malden, Mass.}},
  isbn = {978-1-4051-0257-5 978-1-4051-0258-2},
  keywords = {Architecture,Philosophy}
}
% == BibLateX quality report for mallgrave:2006architectural:
% 'isbn': not a valid ISBN

@artwork{mei:1736river,
  title = {Along the {{River During}} the {{Qingming Festival}} ({{Qing Court Version}})  清院本清明上河圖},
  author = {court:Chen Mei, Five artists from the Painting Academy {and} active at the Qing},
  year = {1736date QS:P571,+1736-00-00T00:00:00Z/9},
  url = {https://commons.wikimedia.org/wiki/File:Along_the_River_During_the_Qingming_Festival_(Qing_Court_Version).jpg},
  urldate = {2020-07-31}
}
% == BibLateX quality report for mei:1736river:
% Unexpected field 'title'
% Unexpected field 'author'
% ? Title looks like it was stored in title-case in Zotero

@mvbook{memmo:1786elementi,
  title = {Elementi dell' architettura Lodoliana, o sia, L'arte del fabbricare con solidità scientifica e con eleganza non capricciosa, libri due},
  author = {Memmo, Andrea and Lodoli, Carlo and Longhi, Alessandro and Vitali, Pietro},
  date = {1786},
  publisher = {{Pagliarini}},
  location = {{Roma}},
  url = {http://archive.org/details/elementidellarch00lodo},
  abstract = {Final page blank; Errata: [1] folded leaf placed between p. IV and V; Signatures: pi(±pi3) a-2i 2k(±2k2) 2l-2m [2n]²(-[2n]1); "Vol. primo"; no more published; Includes bibliographical references and index; Includes an engraved portrait of the author by Pietro Vitali after a design by Ant. [sic; probably Alessandro?] Longhi; Library's c. 1 bound in old vellum; gilt title on spine; edges mottled with red and blue paint; Library's c. 2 bound in old vellum; gilt title on spine; edges stained red; printed on bluish paper; portrait of the author removed from the interior and bound as a frontispiece},
  editora = {{Getty Research Institute}},
  editoratype = {collaborator},
  keywords = {Architecture},
  langid = {italian},
  pagetotal = {304},
  volumes = {2}
}

@book{milizia:1768vite,
  title = {Le vite de' più celebri architetti d'ogni nazione e d'ogni tempo : precedute da un saggio sopra l'architettura},
  shorttitle = {Vite},
  author = {Milizia, Francesco},
  date = {1768},
  publisher = {{Venanzio Monaldini}},
  location = {{Roma}},
  url = {http://archive.org/details/levitedepivceleb00mili},
  abstract = {The author is named in the 3rd ed. of the work: Memorie degli architetti antichi e moderni, Parma, 1781, and records his authorship in the autobiographical note in his Principi di architettura civile; Dedication signed: Giuseppe Antonio Monaldini; Books 1-4 have engraved caption title vignettes; Appendice sopra il meccanismo delle volte: p. 428-475; Includes indexes},
  editora = {Monaldini, Giuseppe Antonio and {Getty Research Institute}},
  editoratype = {collaborator},
  keywords = {Architects},
  langid = {italian},
  pagetotal = {526}
}

@book{milizia:1832principj,
  title = {Principj di architettura civile},
  author = {Milizia, Francesco},
  date = {1832},
  publisher = {{V. Ferrario}},
  location = {{Milano}},
  url = {http://archive.org/details/architetturacivi01mili},
  abstract = {Title on spine: Milizia. Architettura; Engravings, some of which are signed L. Vigano; Portrait of Milizia is an acquatint by G. Bramante; Thirty-five of the plates bound separately, with title on spine: Milizia. Tavole},
  editora = {Antolini, Giovanni Antonio and {Getty Research Institute}},
  editoratype = {collaborator},
  keywords = {Architecture},
  langid = {italian},
  pagetotal = {726}
}

@article{millon:1972rudolf,
  ids = {millon:1972rudolf31},
  title = {Rudolf {{Wittkower}}, "{{Architectural Principles}} in the {{Age}} of {{Humanism}}": {{Its Influence}} on the {{Development}} and {{Interpretation}} of {{Modern Architecture}}},
  shorttitle = {Rudolf {{Wittkower}}, "{{Architectural Principles}} in the {{Age}} of {{Humanism}}"},
  author = {Millon, Henry A.},
  date = {1972-05-01},
  journaltitle = {Journal of the Society of Architectural Historians},
  shortjournal = {Journal of the Society of Architectural Historians},
  volume = {31},
  pages = {83--91},
  issn = {0037-9808},
  doi = {10.2307/988682},
  eprint = {988682},
  eprinttype = {jstor},
  number = {2}
}
% == BibLateX quality report for millon:1972rudolf:
% ? Title looks like it was stored in title-case in Zotero

@misc{morgan:1904london,
  title = {London \&c. Actually Surveyed},
  date = {1904},
  origdate = {1682},
  publisher = {{London Topographical Society}},
  location = {{London}},
  url = {https://www.loc.gov/resource/g5754l.ct002386/},
  urldate = {2016-11-01},
  abstract = {Scale 1:3,600; 300 ft. in 1 in. Alternate title: A prospect of London and Westminster. Facsimile. Pictorial map. Cadastral map. "This survey was begun by Mr. Ogilby, and finished \& humbly dedicated by Wm. Morgan." Available also through the Library of Congress Web site as a raster image. Includes "A prospect of London and Westminster taken at several stations to the southward thereof, by Robt. Morden \& Phil. Lea," indexes, diagrs. of government and university administrators' names, dedication statements, text, tables, and illus. AACR2},
  editora = {Morgan, William and Lea, Philip and Morden, Robert and Ogilby, John},
  editoratype = {collaborator},
  langid = {english},
  type = {map}
}
% == BibLateX quality report for morgan:1904london:
% Unexpected field 'publisher'
% Unexpected field 'editora'
% Unexpected field 'editoratype'

@book{morris:1985historia,
  title = {Historia de la forma urbana: Desde sus orígenes hasta la revolucion industrial},
  shorttitle = {Historia de la forma urbana},
  author = {Morris, A. E. J},
  date = {1985},
  publisher = {{Gustavo Gili}},
  location = {{Barcelona}},
  isbn = {978-84-252-1181-2},
  langid = {Undetermined}
}

@article{morrogh:1998guarini57,
  title = {Guarini and the {{Pursuit}} of {{Originality}}: {{The Church}} for {{Lisbon}} and {{Related Projects}}},
  shorttitle = {Guarini and the {{Pursuit}} of {{Originality}}},
  author = {Morrogh, Andrew},
  date = {1998-03},
  journaltitle = {Journal of the Society of Architectural Historians},
  volume = {57},
  pages = {6--29},
  issn = {00379808, 21505926},
  doi = {10.2307/991402},
  langid = {english},
  number = {1}
}
% == BibLateX quality report for morrogh:1998guarini57:
% 'issn': not a valid ISSN
% ? Title looks like it was stored in title-case in Zotero

@mvbook{muller:1995atlas,
  title = {Atlas de arquitectura},
  author = {Müller, Werner},
  date = {1995},
  publisher = {{Alianza}},
  location = {{Madrid}},
  isbn = {978-84-206-6204-6},
  keywords = {Básica},
  langid = {spanish},
  translator = {Vogel, Gunther},
  volumes = {2}
}

@book{mumford:1966city,
  title = {The {{City}} in {{History}}: {{Its Origins}}, {{Its Transformations}}, and {{Its Prospects}}},
  shorttitle = {The {{City}} in {{History}}},
  author = {Mumford, Lewis},
  date = {1966},
  publisher = {{Pelican}},
  location = {{Harmondsworth}},
  abstract = {The city’s development from ancient times to the modern age. Winner of the National Book Award. “One of the major works of scholarship of the twentieth century” (Christian Science Monitor). Index; illustrations.},
  eprint = {q0NNgjY03DkC},
  eprinttype = {googlebooks},
  isbn = {978-0-15-618035-1},
  keywords = {History / World,Social Science / Sociology / General},
  langid = {english},
  pagetotal = {788}
}
% == BibLateX quality report for mumford:1966city:
% ? Title looks like it was stored in title-case in Zotero

@book{mumford:1998cidade,
  title = {A cidade na história: suas origens, transformações e perspectivas},
  shorttitle = {A cidade na história},
  author = {Mumford, Lewis},
  date = {1998},
  publisher = {{Martins Fontes}},
  location = {{São Paulo}},
  isbn = {978-85-336-0847-4},
  langid = {Undetermined}
}

@book{murray:1972arquitectura,
  title = {Arquitectura del renacimiento},
  shorttitle = {Arquitectura del renacimiento},
  author = {Murray, Peter},
  date = {1972},
  publisher = {{Aguilar}},
  location = {{Madrid}},
  keywords = {Básica},
  langid = {spanish}
}

@book{norberg-schulz:1986baroque,
  title = {Baroque Architecture},
  author = {Norberg-Schulz, Christian},
  date = {1986},
  publisher = {{Electa ; Rizzoli}},
  location = {{Milan : New York}},
  isbn = {978-0-8478-0693-5},
  keywords = {Architecture; Baroque},
  pagetotal = {223},
  series = {History of World Architecture}
}

@book{norberg-schulz:1989arquitectura,
  title = {Arquitectura barroca},
  author = {Norberg-Schulz, Christian},
  date = {1989},
  publisher = {{Aguilar}},
  location = {{Madrid}},
  isbn = {978-84-03-33092-4},
  keywords = {Básica},
  langid = {spanish}
}

@book{norberg-schulz:1989arquitecturaa,
  title = {Arquitectura barroca tardía y rococó},
  author = {Norberg-Schulz, Christian},
  date = {1989},
  publisher = {{Aguilar-Asuri}},
  location = {{Madrid}},
  isbn = {978-84-03-60123-9},
  keywords = {Básica},
  langid = {spanish}
}

@collection{ogot:2010africa,
  title = {África Do {{Século XVI}} Ao {{XVIII}}},
  editor = {Ogot, Bethwell Alan},
  date = {2010},
  edition = {2},
  publisher = {{Unesco}},
  location = {{Brasília}},
  isbn = {978-85-7652-127-3},
  number = {5},
  series = {História {{Geral}} Da {{África}}}
}

@book{oliveras:1998nuevas,
  title = {Nuevas poblaciones en la España de la Ilustración},
  author = {Oliveras, Jordi},
  date = {1998},
  publisher = {{Fundación Caja de Arquitectos}},
  location = {{Barcelona}},
  isbn = {978-84-922594-3-4},
  keywords = {18th century,City planning,History,New towns,Spain,Urbanization},
  langid = {spanish},
  number = {2},
  pagetotal = {288},
  series = {Arquíthesis}
}

@incollection{palazzo:2014louvre,
  title = {O Louvre de Luís XIV na historiografia da arte francesa, 1924–1964: o classicismo seiscentista visto pelo prisma do neoclassicismo e do modernismo},
  shorttitle = {O Louvre de Luís XIV na historiografia da arte francesa},
  booktitle = {A construção da narrativa histórica: séculos XIX e XX},
  author = {Palazzo, Pedro Paulo},
  editor = {Nemi, Ana Lúcia Lana and Almeida, Néri de Barros and Pinheiro, Rossana Alves Baptista},
  date = {2014},
  pages = {143--156},
  publisher = {{Editora Unicamp ; Editora FAP–UNIFESP}},
  location = {{Campinas : São Paulo}},
  isbn = {978-85-268-1070-9 978-85-61673-88-8},
  keywords = {1800-1999,19th century,20th century,Historiography,History; Modern},
  langid = {por}
}
% == BibLateX quality report for palazzo:2014louvre:
% 'isbn': not a valid ISBN

@book{palladio:1570quattro,
  title = {I Quattro Libri Dell’architettura},
  author = {Palladio, Andrea},
  date = {1570},
  publisher = {{Dominico de’ Franceschi}},
  location = {{Venezia}},
  keywords = {Fontes}
}

@book{panerai:2006analise,
  title = {Análise urbana},
  author = {Panerai, Philippe},
  date = {2006},
  publisher = {{Editora UnB}},
  location = {{Brasília}},
  isbn = {85-230-0923-X 978-85-230-0923-6},
  langid = {portuguese},
  translator = {Leitão, Francisco}
}
% == BibLateX quality report for panerai:2006analise:
% 'isbn': not a valid ISBN

@book{patte:1769memoires,
  title = {Mémoires sur les objets les plus importans de l'architecture},
  author = {Patte, Pierre},
  date = {1769},
  publisher = {{Rozet}},
  location = {{Paris}},
  url = {http://archive.org/details/memoiressurlesob00patt},
  urldate = {2017-11-24},
  abstract = {Etched title vignette. Etched head-piece by Marvie. Woodcut head-piece by Caron. Plates are after Patte' drawings; Signatures: pi A-3A; Errata, p. 372; Copy 1 bound in one vol., paper wrappers covered in marbled paper. Edges roughly trimmed; Copies 2 \& 3 bound identically in cat's-paw calfskin (c. 3 rebacked). Spines gilt tooled, titles on red label. Edges of boards with double fillets in gilt. Page edges red. Ribbon place markers. Copy 2 has Giovanni Muzio's etched bookplate by Giacomo Manzù. Copy 3 has signature of Veuguy on t.p},
  editora = {Rozet, Benoît and {Getty Research Institute}},
  editoratype = {collaborator},
  keywords = {Architecture},
  langid = {french},
  pagetotal = {446}
}

@article{payne:1994rudolf,
  ids = {payne:1994rudolf53},
  title = {Rudolf {{Wittkower}} and {{Architectural Principles}} in the {{Age}} of {{Modernism}}},
  author = {Payne, Alina A.},
  date = {1994-09-01},
  journaltitle = {Journal of the Society of Architectural Historians},
  shortjournal = {Journal of the Society of Architectural Historians},
  volume = {53},
  pages = {322--342},
  issn = {0037-9808},
  doi = {10.2307/990940},
  abstract = {To date Rudolf Wittkower's Architectural Principles in the Age of Humanism of 1949 remains a fundamental evaluation of Renaissance architectural aesthetics. Although not unique in having achieved such paradigmatic status within its discipline, its simultaneous impact upon architectural production remains unprecedented. It is precisely the fact that this work captured the imagination of two traditionally distinct groups at a moment in history when exchanges between the two seemed least likely to occur that constitutes the starting point for this inquiry. Based upon an examination of Principles against the Renaissance literature it so categorically supplanted, against its art historical and broader intellectual context, as well as against contemporary architectural theory, the argument presented here proposes a deeper cultural continuity between the discourse of modernist architecture in the 1940s and 1950s and the readings of history that were conceived at the same time. In conclusion it is argued that beyond affording specific insight into the historicity of our constructions of the Renaissance, such a pattern of exchange between history writing and criticism/theory alerts us to the complex symbiosis that existed between these two reflective activities at the very heart of modernism itself.},
  eprint = {990940},
  eprinttype = {jstor},
  keywords = {Fontes},
  number = {3}
}
% == BibLateX quality report for payne:1994rudolf:
% ? Title looks like it was stored in title-case in Zotero

@article{perez-gomez:24architecture36,
  ids = {perez-gomez:1982architecture},
  title = {Architecture as {{Drawing}}},
  author = {Perez-Gomez, Alberto},
  date = {0024/1982},
  journaltitle = {JAE},
  volume = {36},
  pages = {2},
  issn = {01492993},
  doi = {10.2307/1424613},
  eprint = {1424613?origin=crossref},
  eprinttype = {jstor},
  langid = {english},
  number = {2}
}
% == BibLateX quality report for perez-gomez:24architecture36:
% ? Title looks like it was stored in title-case in Zotero

@book{perrault:1683ordonnance,
  title = {Ordonnance Des Cinq Espèces de Colonnes Selon La Méthode Des Anciens},
  author = {Perrault, Claude},
  date = {1683},
  publisher = {{J.-B. Coignard}},
  location = {{Paris}},
  keywords = {Fontes}
}

@artwork{perrault:1683ordonnancea,
  title = {Ordonnance des cinq espèces de colonnes selon la méthode des anciens, pl. I},
  shorttitle = {English},
  author = {Perrault, Claude},
  date = {1683},
  url = {https://commons.wikimedia.org/wiki/File:Claude_Perrault,_Ordonnance_des_cinq_esp%C3%A8ces_de_colonnes_pl._I.jpg},
  urldate = {2020-08-01},
  langid = {french}
}
% == BibLateX quality report for perrault:1683ordonnancea:
% Unexpected field 'title'
% Unexpected field 'author'

@book{perrault:1996ordonnance,
  title = {Ordonnance for the {{Five Kinds}} of {{Columns}} after the {{Method}} of the {{Ancients}}},
  author = {Perrault, Claude},
  date = {1996-08-22},
  publisher = {{Getty}},
  location = {{Santa Monica}},
  abstract = {Perrault argues that rules of architecture be determined by reason, not by ancient precedent.},
  eprint = {RbVDAgAAQBAJ},
  eprinttype = {googlebooks},
  isbn = {978-0-89236-232-5},
  keywords = {Architecture / Criticism,Complementar,Fontes},
  langid = {english},
  pagetotal = {208},
  translator = {McEwen, Indra Kagis}
}
% == BibLateX quality report for perrault:1996ordonnance:
% ? Title looks like it was stored in title-case in Zotero

@book{pevsner:2002panorama,
  title = {Panorama da arquitetura ocidental: Nikolaus Pevsner},
  shorttitle = {Panorama da arquitetura ocidental},
  author = {Pevsner, Nikolaus},
  date = {2002},
  publisher = {{Martins Fontes}},
  location = {{São Paulo}},
  isbn = {978-85-336-1492-5},
  keywords = {Básica},
  langid = {portuguese},
  translator = {Coelho Netto, José Teixeira and Garcia, Silvana}
}

@book{pevsner:2005academias,
  title = {Academias de arte passado e presente},
  author = {Pevsner, Nikolaus},
  date = {2005},
  publisher = {{Companhia das Letras}},
  location = {{São Paulo}},
  isbn = {85-359-0587-1 978-85-359-0587-8},
  keywords = {Academicismo,Beaux-Arts,História da Arte,Pevsner; Nikolaus,Romantismo},
  langid = {portuguese},
  translator = {Pereira, Vera Maria}
}
% == BibLateX quality report for pevsner:2005academias:
% 'isbn': not a valid ISBN

@book{piranesi:1769diverse,
  title = {Diverse maniere d'adornare i cammini},
  author = {Piranesi, Giovanni Battista},
  date = {1769},
  publisher = {{Salomoni}},
  location = {{Roma}},
  url = {http://archive.org/details/McGillLibrary-rbsc_monumenta_piranesi_diverse-maniere-cammini_elfWFKP66cutter-18760},
  urldate = {2019-02-25},
  abstract = {4-36 pages, 69 plates ; 58 cm; Text in Italian, English and French},
  editora = {{McGill University Library}},
  editoratype = {collaborator},
  keywords = {Fireplaces -- Early works to 1800.},
  langid = {italian}
}

@article{posner:1973,
  title = {Cloister, {{Court}} and {{City Square}}},
  author = {Posner, Kathleen Weil-Garris},
  date = {1973},
  journaltitle = {Gesta},
  shortjournal = {Gesta},
  volume = {12},
  pages = {123--132},
  issn = {0016-920X},
  doi = {10.2307/766639},
  eprint = {766639},
  eprinttype = {jstor},
  number = {1/2}
}
% == BibLateX quality report for posner:1973:
% ? Title looks like it was stored in title-case in Zotero

@inreference{redgeographics:2016norse,
  title = {Norse {{Explorations}}},
  shorttitle = {File},
  booktitle = {Wikipedia},
  author = {{Redgeographics}},
  date = {2016-03-30},
  url = {https://en.wikipedia.org/wiki/File:NorseExplorations-v2.png},
  urldate = {2020-07-31},
  langid = {english},
  series = {V. 2}
}
% == BibLateX quality report for redgeographics:2016norse:
% Missing required field 'editor'
% ? Title looks like it was stored in title-case in Zotero

@artwork{roberts:1785english,
  title = {English: {{A}} General Chart Exhibiting the Discoveries Made by {{Captain James Cook}} in This and His Two Preceeding Voyages with the Tracks of the Ships under His Command. {{By Lieutenant Roberts}} of His {{Majesty}}'s {{Navy}}.},
  shorttitle = {English},
  author = {Roberts, Lieutenant Henry},
  year = {1785date QS:P571,+1785-00-00T00:00:00Z/9},
  url = {https://commons.wikimedia.org/wiki/File:A_general_chart_exhibiting_the_discoveries_made_by_Captain_James_Cook_in_this_and_his_two_preceeding_voyages_with_the_tracks_of_the_ships_under_his_command._By_Lieutenant_Roberts_of_his_Majesty%27s_Navy._RMG_F2434.tiff},
  urldate = {2020-07-31}
}
% == BibLateX quality report for roberts:1785english:
% Unexpected field 'title'
% Unexpected field 'author'

@article{rosenthal:1964antecedents23,
  title = {The {{Antecedents}} of {{Bramante}}'s {{Tempietto}}},
  author = {Rosenthal, Earl},
  date = {1964-05},
  journaltitle = {Journal of the Society of Architectural Historians},
  volume = {23},
  pages = {55--74},
  issn = {00379808, 21505926},
  doi = {10.2307/988161},
  langid = {english},
  number = {2}
}
% == BibLateX quality report for rosenthal:1964antecedents23:
% 'issn': not a valid ISSN
% ? Title looks like it was stored in title-case in Zotero

@artwork{rosselli:1470pianta,
  title = {Pianta Della {{Catena}}},
  shorttitle = {English},
  author = {Rosselli, Francesco di Lorenzo},
  date = {1470},
  url = {https://commons.wikimedia.org/wiki/File:Francesco_Rosselli_(attribution)._Pianta_della_Catena,_1470.jpg},
  urldate = {2020-07-31}
}
% == BibLateX quality report for rosselli:1470pianta:
% Unexpected field 'title'
% Unexpected field 'author'

@book{roth:1993understanding,
  title = {Understanding Architecture : Its Elements, History, and Meaning},
  shorttitle = {Understanding Architecture},
  author = {Roth, Leland M.},
  date = {1993},
  publisher = {{New York, NY : Icon Editions}},
  url = {http://archive.org/details/understandingarc00roth},
  urldate = {2017-06-20},
  abstract = {Includes bibliographical references and index; "Commoditie" : how does the building function? -- "Firmeness" : how does the building stand up? -- "Delight" : space in architecture -- "Delight" : seeing architecture -- "Delight" : architectural acoustics, shape, and sound -- The architect : from high priest to professional -- Architecture as part of the environment -- Architecture, memory, and economics -- The invention of architecture : from caves to cities -- Egyptian architecture -- Greek architecture -- Roman architecture -- Early Christian and Byzantine architecture -- Early medieval architecture -- Gothic architecture -- Renaissance and Mannerist architecture -- Baroque and Rococo architecture -- Architecture in the Age of Enlightenment, 1720-1800 -- Architecture in the nineteenth century -- Early-twentieth-century architecture : the perfection of utility -- Late-twentieth-century architecture : a question of meaning},
  editora = {{Internet Archive}},
  editoratype = {collaborator},
  keywords = {Architecture},
  langid = {english},
  pagetotal = {588}
}

@book{roth:2017entender,
  title = {Entender a arquitetura: Seus elementos, história e significado},
  shorttitle = {Entender a arquitetura},
  author = {Roth, Leland M.},
  date = {2017-02-15},
  publisher = {{Gustavo Gili Brasil}},
  location = {{Barcelona}},
  abstract = {Desde sua primeira edição inglesa em 1993, Entender a arquitetura tem se transformado em um texto de referência clássico. Este manual ilustrado continua sendo o único texto de seu gênero que examina a arquitetura como um fenômeno cultural, artístico e tecnológico por meio de um enfoque duplo: o temático, que aborda os elementos de arquitetura, e o histórico, que se centra em sua evolução temporal e seu significado. Seu texto completo, acessível e agradável, de caráter claro e básico, destaca-se pela seleção criteriosa de exemplos e por comparações perspicazes, resultando em um manual de altíssimo valor didático e adequado para uma introdução à complexidade de conceitos e orientações fundamentais ao entendimento da história da arquitetura.},
  isbn = {978-85-8452-069-5},
  keywords = {Básica,Complementar},
  langid = {por},
  translator = {Canedo, Joana}
}

@book{santanna:2000barroco,
  ids = {santanna:2000barroco},
  title = {Barroco: do quadrado à elipse},
  shorttitle = {Barroco},
  author = {de Sant'Anna, Affonso Romano},
  date = {2000},
  publisher = {{Rocco}},
  location = {{Rio de Janeiro}},
  isbn = {85-325-1191-0 978-85-325-1191-1},
  langid = {portuguese}
}
% == BibLateX quality report for santanna:2000barroco:
% 'isbn': not a valid ISBN

@article{schumacher:1987palladio,
  title = {The {{Palladio}} Variations, on Reconciling Convention, Parti, and Space},
  shorttitle = {The {{Palladio}} Variations},
  author = {Schumacher, Thomas L.},
  date = {1987-23},
  journaltitle = {Cornell Journal of Architecture},
  volume = {3},
  pages = {12--29},
  url = {http://issuu.com/cornelljournal/docs/cja003-optimized/17},
  urldate = {2012-12-27},
  keywords = {Complementar}
}

@book{serlio:1997serlio,
  title = {Serlio on {{Domestic Architecture}}},
  author = {Serlio, Sebastiano},
  date = {1997},
  publisher = {{Dover}},
  location = {{New York}},
  abstract = {Sixth book of classic treatise by influential Italian Renaissance architect. Handbook of classical style comprises 76 superb plates — with extensive editorial apparatus — including elevations, floor plans, cutaway views and other images. Farmhouses, workers\&\#39; dwellings, pavilions, fortresses, villas, palaces, houses for a king, etc. 173 illustrations. Introduction. Notes.},
  eprint = {3nRKth5RqZsC},
  eprinttype = {googlebooks},
  isbn = {978-0-486-29352-3},
  keywords = {Architecture / Buildings / Residential,Architecture / History / General},
  langid = {english},
  pagetotal = {184},
  translator = {Rosenfeld, Myra Nan}
}
% == BibLateX quality report for serlio:1997serlio:
% ? Title looks like it was stored in title-case in Zotero

@artwork{soul:2019english,
  title = {English: {{Map}} Outlining Migratory Paths of {{Austronesian}} Speaking Populations, Including Estimated Dates. {{Adapted}} from {{Benton}} et al., (2012)},
  shorttitle = {English},
  author = {Soul, Obsidian},
  date = {2019-01-16},
  url = {https://commons.wikimedia.org/wiki/File:Chronological_dispersal_of_Austronesian_people_across_the_Pacific_(per_Benton_et_al,_2012,_adapted_from_Bellwood,_2011).png},
  urldate = {2020-07-31}
}
% == BibLateX quality report for soul:2019english:
% Unexpected field 'title'
% Unexpected field 'author'

@book{summerson:1980classical,
  title = {The Classical Language of Architecture},
  author = {Summerson, John},
  date = {1980},
  edition = {Rev. and enl. ed},
  publisher = {{Thames and Hudson}},
  location = {{London}},
  isbn = {978-0-500-20177-0},
  keywords = {Architecture,Details,Terminology},
  pagetotal = {144},
  series = {World of Art Library}
}

@book{summerson:1997linguagem,
  title = {A Linguagem Clássica Da Arquitetura},
  author = {Summerson, John},
  date = {1997},
  publisher = {{Martins Fontes}},
  location = {{São Paulo}},
  keywords = {Básica}
}

@book{tapie:1974barroco,
  title = {Barroco e classicismo},
  author = {Tapié, Victor Lucien},
  date = {1974},
  publisher = {{Presença : Martins Fontes}},
  location = {{Lisboa : São Paulo}},
  langid = {por}
}

@book{temple:2011renovatio,
  title = {Renovatio Urbis: Architecture, Urbanism, and Ceremony in the {{Rome}} of {{Julius II}}},
  shorttitle = {Renovatio Urbis},
  author = {Temple, Nicholas},
  date = {2011},
  publisher = {{Routledge}},
  location = {{London ; New York}},
  isbn = {978-0-415-47385-9 978-0-203-81848-0},
  keywords = {16th century,Architecture and society,Architecture; Renaissance,Art patronage,Bramante; Donato,Buildings; structures; etc,City planning,Criticism and interpretation,History,Italy Rome,Julius,Rome (Italy),Symbolism in architecture,Symbolism in city planning},
  pagetotal = {349},
  series = {The Classical Tradition in Architecture}
}
% == BibLateX quality report for temple:2011renovatio:
% 'isbn': not a valid ISBN

@book{toman:1997barroco,
  title = {El Barroco},
  author = {Toman, Rolf},
  date = {1997},
  publisher = {{Könemann}},
  location = {{Colonia}},
  keywords = {Básica},
  langid = {spanish}
}
% == BibLateX quality report for toman:1997barroco:
% ? Title looks like it was stored in title-case in Zotero

@artwork{tubs:2011afro-eurasia,
  title = {Afro-{{Eurasia}} on the Globe (Grey) with Borders},
  shorttitle = {Deutsch},
  author = {{TUBS}},
  date = {2011-04-19},
  url = {https://commons.wikimedia.org/wiki/File:Afro-Eurasia_on_the_globe_(grey)_with_borders.svg},
  urldate = {2020-07-31}
}
% == BibLateX quality report for tubs:2011afro-eurasia:
% Unexpected field 'title'
% Unexpected field 'author'

@artwork{tubs:2011french,
  title = {French {{Polynesia}} on the Globe ({{French Polynesia}} Centered)},
  shorttitle = {Deutsch},
  author = {{TUBS}},
  date = {2011-06-22},
  url = {https://commons.wikimedia.org/wiki/File:French_Polynesia_on_the_globe_(French_Polynesia_centered).svg},
  urldate = {2020-07-31}
}
% == BibLateX quality report for tubs:2011french:
% Unexpected field 'title'
% Unexpected field 'author'

@artwork{tubs:2011kingdom,
  title = {Kingdom of {{Denmark}} on the Globe ({{Faroer}} Special) ({{Europe}} Centered)},
  shorttitle = {Deutsch},
  author = {{TUBS}},
  date = {2011-05-06},
  url = {https://commons.wikimedia.org/wiki/File:Kingdom_of_Denmark_on_the_globe_(Faroer_special)_(Europe_centered).svg},
  urldate = {2020-07-31}
}
% == BibLateX quality report for tubs:2011kingdom:
% Unexpected field 'title'
% Unexpected field 'author'

@artwork{tubs:2011kingdoma,
  title = {Kingdom of {{Denmark}} on the Globe ({{Greenland}} Centered)},
  shorttitle = {Deutsch},
  author = {{TUBS}},
  date = {2011-04-26},
  url = {https://commons.wikimedia.org/wiki/File:Kingdom_of_Denmark_on_the_globe_(Greenland_centered).svg},
  urldate = {2020-07-31}
}
% == BibLateX quality report for tubs:2011kingdoma:
% Unexpected field 'title'
% Unexpected field 'author'

@artwork{tubs:2011maldives,
  title = {Maldives on the Globe ({{Afro}}-{{Eurasia}} Centered)},
  shorttitle = {Deutsch},
  author = {{TUBS}},
  date = {2011-05-06},
  url = {https://commons.wikimedia.org/wiki/File:Maldives_on_the_globe_(Afro-Eurasia_centered).svg},
  urldate = {2020-07-31}
}
% == BibLateX quality report for tubs:2011maldives:
% Unexpected field 'title'
% Unexpected field 'author'

@artwork{tubs:2011tajikistan,
  title = {Tajikistan on the Globe ({{Eurasia}} Centered)},
  shorttitle = {Deutsch},
  author = {{TUBS}},
  date = {2011-04-20},
  url = {https://commons.wikimedia.org/wiki/File:Tajikistan_on_the_globe_(Eurasia_centered).svg},
  urldate = {2020-07-31}
}
% == BibLateX quality report for tubs:2011tajikistan:
% Unexpected field 'title'
% Unexpected field 'author'

@artwork{tubs:2011tunisia,
  title = {Tunisia on the Globe ({{North Africa}} Centered)},
  shorttitle = {Deutsch},
  author = {{TUBS}},
  date = {2011-08-30},
  url = {https://commons.wikimedia.org/wiki/File:Tunisia_on_the_globe_(North_Africa_centered).svg},
  urldate = {2020-07-31}
}
% == BibLateX quality report for tubs:2011tunisia:
% Unexpected field 'title'
% Unexpected field 'author'

@book{turner:1996dictionary,
  title = {The Dictionary of Art},
  author = {Turner, Jane},
  date = {1996},
  publisher = {{Grove's Dictionaries}},
  location = {{New York}},
  url = {http://archive.org/details/dictionaryofart01turn},
  urldate = {2019-01-31},
  abstract = {Includes bibliographical references and index},
  editora = {{Grove's Dictionaries} and {Internet Archive}},
  editoratype = {collaborator},
  keywords = {Art},
  langid = {english},
  pagetotal = {954}
}

@online{velez-rodriguez:2013,
  title = {Paris Das {{Luzes}} Segundo o {{Plano}} de {{Turgot}} (1739)},
  shorttitle = {Rocinante},
  author = {Vélez-rodríguez, Ricardo},
  year = {sábado, 19 de janeiro de 2013},
  journaltitle = {rocinante},
  url = {http://pensadordelamancha.blogspot.com.br/2013/01/paris-das-luzes-segundo-o-plano-de.html},
  urldate = {2013-08-17},
  keywords = {ILUMINISMO,PARIS A VÔO DE PÁSSARO SEGUNDO TURGOT,PARIS DAS LUZES,PLANO DE TURGOT,RACIONALISMO.,TURGOT PREBOSTE DE PARIS 1739}
}
% == BibLateX quality report for velez-rodriguez:2013:
% Unexpected field 'journaltitle'

@book{vignola:1876regras,
  title = {Regras das cinco ordens de architectura segundo os principios de Vignhola : com um ensaio sobre as mesmas ordens feito sobre o sentimento dos mais celebres architectos},
  shorttitle = {Regras das cinco ordens de architectura},
  author = {da Vignola, Giacomo Barozzi},
  date = {1876},
  publisher = {{Typographia Universal}},
  location = {{Lisboa}},
  url = {http://archive.org/details/regrasdascincoor00vign},
  urldate = {2019-02-21},
  editora = {{Getty Research Institute}},
  editoratype = {collaborator},
  keywords = {Architecture},
  langid = {por},
  pagetotal = {362},
  translator = {e Andrade, José Calheiros de Magalhães}
}

@book{vignola:1890five,
  title = {The Five Orders of Architecture; the Casting of Shadows and the First Principles of Construction, Based on the System of {{Vignola}}},
  author = {Vignola, 1507-1573 and Esquié, Pierre},
  date = {1890},
  publisher = {{Boston, Mass., Bates \& Guild co}},
  url = {http://archive.org/details/ack7852.0001.001.umich.edu},
  urldate = {2018-05-10},
  abstract = {Imperfect: Half-title (?) lacking; Mode of access: Internet},
  editora = {{University of Michigan}},
  editoratype = {collaborator},
  keywords = {Architecture},
  langid = {english},
  pagetotal = {182}
}

@book{vitruve:1673dix,
  title = {Les dix livres d’architecture de Vitruve, corrigez et traduits nouvellement en françois, avec des notes \& des figures},
  shorttitle = {Dix livres d’architecture},
  author = {{Vitruve}},
  date = {1673},
  publisher = {{Jean Baptiste Coignard}},
  location = {{Paris}},
  url = {http://archive.org/details/gri_33125008503100},
  urldate = {2017-06-20},
  abstract = {Dedication signed by the editor, Claude Perrault; Engr. frontispiece by Gérard Scotin after Sebastien Le Clerc. Engraved ill. (some full page) by Scotin and Le Clerc, as well as Pieter van der Banck, Gérard Edelinck, Etienne Gantrel, Jacques Grignon, Jean Patigny, Nicolas Pitau, Georges Tournier. In-text woodcut ill. Engraved head- and tail-pieces by Le Clerc. Two engraved initials; Includes index; 234-237 repeated in paging; Binding: vellum. Brief title in gilt on spine label. Edges sprinkled red; Giovanni Muzio's bookplate, etched by Giacomo Manzù},
  editora = {Scotin, G. (Gérard) and Le Clerc, Sébastien and van der Banck, Pieter and Edelinck, Gérard and Gantrel, Etienne and Grignon, Jacques and Le Pautre, Pierre and Patigny, Jean and Pitau, Nicolas and Tournier, Georges and Coignard, Jean Baptiste and {Getty Research Institute}},
  editoratype = {collaborator},
  keywords = {Architecture},
  langid = {french},
  pagetotal = {377},
  translator = {Perrault, Claude}
}

@book{vitruve:1684dix,
  title = {Les dix livres d’architecture de Vitruve, corrigez et traduits nouvellement en françois, avec des notes \& des figures},
  shorttitle = {Dix livres d’architecture},
  author = {{Vitruve}},
  date = {1684},
  edition = {2},
  publisher = {{J. B. Coignard}},
  location = {{Paris}},
  langid = {french},
  translator = {Perrault, Claude}
}

@book{vitruvio:2006tratado,
  title = {Tratado de Arquitectura},
  author = {{Vitrúvio}},
  date = {2006},
  publisher = {{IST Press}},
  location = {{Lisboa}}
}

@book{vitruvio:2007tratado,
  title = {Tratado de arquitetura},
  author = {Vitrúvio},
  date = {2007},
  publisher = {{Martins Fontes}},
  location = {{São Paulo}},
  isbn = {978-85-7707-003-9},
  keywords = {Básica,Fontes},
  langid = {portuguese}
}

@book{watkin:2001historia,
  title = {Historia de la arquitectura occidental},
  author = {Watkin, David},
  date = {2001},
  publisher = {{Könemann}},
  location = {{Barcelona}},
  isbn = {978-3-8290-2142-5},
  keywords = {Básica,Complementar},
  langid = {spanish},
  translator = {Rosenbaum, David}
}

@article{westfall:2008why,
  title = {Why the {{Orders Belong}} in {{Studio}}},
  author = {Westfall, Carroll William},
  date = {2008},
  journaltitle = {Journal of Architectural Education (1984-)},
  volume = {61},
  pages = {95--107},
  issn = {1046-4883},
  doi = {10.2307/40480871},
  abstract = {The Orders, the long-time emblematic centerpiece of architectural education, were banished from studio in the United States a half-century ago. They were exiled to the curriculum's sparse offerings in history when the Bauhaus system of education in architecture displaced the Beaux Arts system. The Orders stand for an entire system of design based on recognizable building components, proportionality, and coherence. Their presence would improve the formal qualities of designs across the entire spectrum from buildings addressing the increased interest in traditional qualities in buildings to those pushing forward the legacy of Modernism's founders, men who themselves knew the Orders well.},
  eprint = {40480871},
  eprinttype = {jstor},
  number = {4}
}
% == BibLateX quality report for westfall:2008why:
% ? Title looks like it was stored in title-case in Zotero

@book{westfall:2015architecture,
  title = {Architecture, Liberty and Civic Order: Architectural Theories from {{Vitruvius}} to {{Jefferson}} and Beyond},
  shorttitle = {Architecture, Liberty and Civic Order},
  author = {Westfall, Carroll William},
  date = {2015},
  publisher = {{Ashgate}},
  location = {{Burlington, VT}},
  isbn = {978-1-4724-5653-3},
  keywords = {Architecture,Architecture and history,Philosophy},
  pagetotal = {205}
}

@inreference{wikipedia:2020pequena,
  title = {Pequena Idade do Gelo},
  booktitle = {Wikipédia, a enciclopédia livre},
  date = {2020-03-07T18:04:09Z},
  url = {https://pt.wikipedia.org/wiki/Pequena_Idade_do_Gelo},
  urldate = {2020-07-31},
  abstract = {A Pequena Era Glacial (Pequena Idade do Gelo, em português Europeu) foi um período de resfriamento que ocorreu na Era Moderna. Os climatologistas não estão de acordo sobre as datas de início e fim deste período. Alguns defendem que teria iniciado no século XVI e terminado na primeira metade do século XIX, enquanto outros sugerem que foi em um período do século XIII ao XVII. Teria sido nos anos de 1650, 1770 e 1850 que ocorreram os mínimos de temperatura, cada um separado por intervalos ligeiramente mais quentes [1]. O período mais frio da Pequena Era Glacial parece estar relacionado com uma profunda queda nas tempestades solares conhecida como Mínimo de Maunder. 
Foi no século XVII, devido à Pequena Era Glacial, que os viquingues abandonaram a Groenlândia, cuja vegetação passou de verdejante a tundra. A Finlândia perdeu então um terço da sua população e a Islândia metade. Na Inglaterra, o Tâmisa congelou (pela primeira vez em 1607, pela última em 1814). No inverno de 1780, a zona fluvial de Nova Iorque congelou e podia-se ir a pé da ilha de Manhattan à de Staten Island, tendo as conexões comerciais bloqueadas por via marítima. Os canais holandeses costumavam ficar completamente congelados. As geleiras nos Alpes cobriam aldeias inteiras, matando milhares de pessoas, e se formou uma grande quantidade de gelo no mar, a tal ponto que não existia mar aberto em torno da Islândia em 1695.

Alguns investigadores acreditam que o atual aquecimento do planeta corresponde a um período de recuperação após a Pequena Era Glacial e que a atividade humana não é um fator decisivo para a atual tendência de aumento da temperatura global. No entanto, esta tese tem oposição dos ambientalistas em razão da grande proporção da elevação da temperatura nas recentes décadas após a Revolução Industrial.},
  langid = {portuguese}
}
% == BibLateX quality report for wikipedia:2020pequena:
% Missing required field 'author'
% Missing required field 'editor'

@article{wilson:1982spatial28,
  title = {Spatial {{Analysis}} and {{Settlement Patterns}} on the {{East African Coast}}},
  author = {WIlson, Thomas H.},
  date = {1982},
  journaltitle = {Paideuma},
  volume = {28},
  pages = {201--219},
  publisher = {{Frobenius Institute}},
  issn = {0078-7809},
  eprint = {41409884},
  eprinttype = {jstor}
}
% == BibLateX quality report for wilson:1982spatial28:
% Unexpected field 'publisher'
% ? Title looks like it was stored in title-case in Zotero

@book{wolfflin:1989renascenca,
  title = {Renascença e barroco: estudo sobre a essência do estilo barroco e a sua origem na Itália},
  shorttitle = {Renascença e barroco},
  author = {Wölfflin, Heinrich},
  date = {1989},
  publisher = {{Perspectiva}},
  location = {{São Paulo}},
  langid = {portuguese},
  translator = {de Barros, Mary Amazonas L.}
}

@book{wolfflin:2006conceitos,
  title = {Conceitos fundamentais da história da arte: o problema da evolução dos estilos na arte mais recente},
  shorttitle = {Conceitos fundamentais da história da arte},
  author = {Wölfflin, Heinrich},
  date = {2006},
  publisher = {{Martins Fontes}},
  location = {{São Paulo}},
  isbn = {85-336-1202-8 978-85-336-1202-0},
  langid = {portuguese},
  translator = {Azenha Jr, João}
}
% == BibLateX quality report for wolfflin:2006conceitos:
% 'isbn': not a valid ISBN

@article{wynne-jones:2007creating81,
  title = {Creating Urban Communities at {{Kilwa Kisiwani}}, {{Tanzania}}, {{AD}} 800-1300},
  author = {Wynne-Jones, Stephanie},
  date = {2007-06-01},
  journaltitle = {Antiquity},
  shortjournal = {Antiquity},
  volume = {81},
  pages = {368--380},
  issn = {0003-598X, 1745-1744},
  doi = {10.1017/S0003598X00095247},
  abstract = {Urban communities on the medieval East African coast have been previously discussed in terms of ethnicity and migration. Here assemblages from coastal towns and from surface survey in the interior are used to paint a different picture of urban (Swahili) origins. The author shows that coast and interior shared a common culture, but that coastal sites grew into ‘stonetowns’ thanks to the social impact of imports: the material culture structured the society.},
  langid = {english},
  number = {312}
}
% == BibLateX quality report for wynne-jones:2007creating81:
% 'issn': not a valid ISSN

@article{wynne-jones:2013public32,
  title = {The Public Life of the {{Swahili}} Stonehouse, 14th–15th Centuries {{AD}}},
  author = {Wynne-Jones, Stephanie},
  date = {2013-12-01},
  journaltitle = {Journal of Anthropological Archaeology},
  shortjournal = {Journal of Anthropological Archaeology},
  volume = {32},
  pages = {759--773},
  issn = {0278-4165},
  doi = {10.1016/j.jaa.2013.05.003},
  abstract = {Houses are an important subject of archaeological research, normally explored through the households they contain. This has established a deliberately social agenda for the archaeology of houses, yet has had the unintended consequence of creating bounded worlds for study. Although household archaeologies explore the ways that households contributed to broader social and economic realms, it is rare to think through the public role of houses for non-residents and the larger population of the settlement. This paper seeks to explore this more public aspect of houses using the data from archaeology at Songo Mnara, a 14th–15th century Swahili town on the southern Tanzanian coast. This was a time when stone-built domestic architecture was first emerging in this region. The archaeology of the houses provides data for a series of ways that the house was at the heart of the economic and political life of the town, as well as demonstrating a spatial continuity between indoor and outdoor spaces. It is therefore suggested that the domestic and residential functions of the house for a particular household should be balanced with an appreciation of the broader world of the house itself.},
  keywords = {Domestic,Household,Private,Public,Songo Mnara,Swahili},
  langid = {english},
  number = {4}
}

@incollection{wynne-jones:2014swahili,
  title = {Swahili {{Urban Spaces}} of the {{Eastern African Coast}}},
  booktitle = {Making {{Ancient Cities}}},
  author = {Wynne-Jones, Stephanie and Fleisher, Jeffrey},
  editor = {Creekmore, Iii and Fisher, Kevin D.},
  date = {2014},
  pages = {111--144},
  publisher = {{Cambridge University Press}},
  location = {{Cambridge}},
  doi = {10.1017/CBO9781107110274.005},
  isbn = {978-1-107-11027-4}
}
% == BibLateX quality report for wynne-jones:2014swahili:
% ? Title looks like it was stored in title-case in Zotero

@book{zucker:1970town,
  title = {Town and {{Square}}: {{From}} the {{Agora}} to the {{Village Green}}},
  author = {Zucker, Paul},
  date = {1970},
  publisher = {{MIT Press}},
  location = {{Cambridge}},
  keywords = {City planning History.,Plazas.},
  pagetotal = {xxiii, 287 p.}
}
% == BibLateX quality report for zucker:1970town:
% ? Title looks like it was stored in title-case in Zotero

@preamble{ "\ifdefined\DeclarePrefChars\DeclarePrefChars{'’-}\else\fi " }

