
@book{alberti:2011arte,
  title = {Da arte edificatória},
  author = {Alberti, Leon Battista},
  date = {2011},
  publisher = {{Fundação Calouste Gulbenkian}},
  location = {{Lisboa}},
  editora = {do Espírito Santo, Arnaldo},
  editoratype = {collaborator},
  isbn = {978-972-31-1374-7},
  keywords = {Fontes},
  langid = {portuguese},
  translator = {Krüger, Mário Júlio Teixeira}
}

@mvbook{blondel:1675cours,
  title = {Cours d’architecture enseigné dans l’Académie Royale d’Architecture},
  author = {Blondel, François},
  date = {1675},
  publisher = {{L. Rouilland}},
  location = {{Paris}},
  keywords = {Fontes},
  langid = {french},
  volumes = {2}
}

@mvbook{blondel:1752architecture,
  title = {Architecture françoise, ou Recueil des plans, élévations, coupes et profils des églises, maisons royales, palais, hôtels  édifices les plus considérables de Paris},
  author = {Blondel, Jacques-François},
  date = {1752},
  publisher = {{Charles-Antoine Jombert}},
  location = {{Paris}},
  abstract = {Type : texte imprimé, monographie Auteur(s) : Blondel, Jean-François Titre(s) : Architecture françoise, ou Recueil des plans, élévations, coupes et profils des églises, maisons royales, palais, hôtels amp; édifices les plus considérables de Paris. [Texte imprimé] / par Jacques-François Blondel,. Publication : A Paris : chez Charles-Antoine Jombert, 1752-1756 Description matérielle : 4 vol.: pl. ; in-fol. Autre(s) forme(s) du titre : - Transcription moderne du titre : Architecture française, ou Recueil des plans, élévations, coupes et profils des églises, maisons royales, palais, hôtels,. Titre alternatif : Recueil des plans, élévations, coupes et profils des églises, maisons royales, palais, hôtels amp; édifices les plus considérables de Paris. Sujet(s) : Architecture de la Renaissance -- Ouvrages avant 1800 Architecture -- 17e siècle -- Ouvrages avant 1800 Architecture -- 18e siècle -- Ouvrages avant 1800 Notice n° : FRBNF30115155},
  keywords = {Fontes},
  langid = {french},
  volumes = {4}
}

@mvbook{blondel:1771cours,
  title = {Cours d'architecture, ou, Traité de la décoration, distribution \& construction des bâtiments : contenant les leçons données en 1750, \& les années suivants},
  shorttitle = {Cours d'architecture},
  author = {Blondel, Jacques-François and Patte, Pierre},
  date = {1771},
  publisher = {{Desaint}},
  location = {{Paris}},
  url = {http://archive.org/details/coursdarchitectu01blon},
  urldate = {2017-11-24},
  abstract = {On t.p. of v. 5 and 6 of the text and v. 5 and 6 of the plates: Commencé par feû J.F. Blondel ... et continué par M. Patte; Imprint after 1771 (v. 2-6 and plates): Chez La Veuve Desaint ..; Half-title (text): Cours d'architecture civile; Plate vols. are bound as issued 2 v. in 1 with title: Planches pour la [1., 3., 5.] volume du Cours d'architecture, with half title midway: Planches du [2., 4., 6.] volume; Each text vol., 2-6, introduced by a précis of the contents of the preceding vol},
  editora = {{Getty Research Institute}},
  editoratype = {collaborator},
  keywords = {Architecture,Fontes},
  langid = {french},
  pagetotal = {524},
  volumes = {6}
}

@book{chambers:1757designs,
  title = {Designs of {{Chinese}} Buildings, Furniture, Dresses, Machines, and Utensils},
  author = {Chambers, William and Fourdrinier, P. and Grignion, Charles and Sandby, Paul},
  date = {1757},
  publisher = {{London : Published for the author, and sold by him ..., also by Mess. Dodsley ..., Mess. Wilson and Durham ..., Mr. A. Millar ..., and Mr. R. Willock ...}},
  url = {http://archive.org/details/DesignsChineseb00Cham},
  urldate = {2019-02-25},
  abstract = {statement of responsibility: engraved by the best hands from the originals drawn in China by Mr. Chambers ... ; to which is annexed a description of their temples, houses, gardens, \&amp;c; Plates engraved by P. Fourdrinier, C. Grignion, P. Sandby, and others; Subscribers: p. [5]-[6]},
  editora = {{Smithsonian Libraries}},
  editoratype = {collaborator},
  keywords = {Architecture,Fontes},
  langid = {english},
  pagetotal = {82}
}

@mvbook{durand:1802precisa,
  title = {Précis des leçons d'architecture données à l'École polytechnique},
  author = {Durand, Jean-Nicolas-Louis},
  date = {1802},
  publisher = {{Chez l'auteur}},
  location = {{Paris}},
  keywords = {Fontes},
  langid = {french},
  volumes = {2}
}

@book{guarini:1737architetturaa,
  title = {Architettura civile},
  author = {Guarini, Guarino},
  editor = {Antinori, Nicolò},
  date = {1737},
  publisher = {{Gianfrancesco Mairesse}},
  location = {{Torino}},
  url = {https://archive.org/details/ArchitetturaCivile},
  urldate = {2017-08-20},
  keywords = {Fontes},
  langid = {italian}
}

@mvbook{leclerc:1714traite,
  title = {Traité d’architecture, avec des remarques et des observations tres-utiles pour les jeunes gens, qui veulent s’appliquer à ce bel art},
  shorttitle = {Traité d’architecture},
  author = {Leclerc, Sébastien},
  date = {1714},
  publisher = {{Giffart}},
  location = {{Paris}},
  url = {http://digi.ub.uni-heidelberg.de/diglit/leclerc1714ga?sid=2e58a9e997f4a7f535d7434aa176d322},
  editora = {Quillau, J and Giffart, Pierre},
  editoratype = {collaborator},
  keywords = {Fontes},
  langid = {french},
  volumes = {2}
}

@book{ledoux:1804larchitecture,
  title = {L'architecture considérée sous le rapport de l'art, des mœurs et de la législation},
  author = {Ledoux, Claude Nicolas},
  date = {1804},
  publisher = {{H.L. Peronneau}},
  location = {{Paris}},
  editora = {de Nobele, Fernand},
  editoratype = {collaborator},
  keywords = {Fontes},
  langid = {french}
}

@book{legrand:1842essai,
  title = {Essai sur l'histoire générale de l'architecture : pour servir de texte explicatif au Recueil et parallèle des édifices de tout genre anciens et modernes},
  shorttitle = {Essai sur l'histoire générale de l'architecture},
  author = {Legrand, Jacques Guillaume},
  date = {1842},
  publisher = {{Avanzo}},
  location = {{Liège}},
  url = {https://reader.digitale-sammlungen.de/de/fs1/object/display/bsb10059299_00007.html},
  urldate = {2019-02-25},
  keywords = {Fontes},
  langid = {french}
}

@book{lorme:1576nouvelles,
  title = {Nouvelles inventions pour bien bastir et a petits fraiz},
  shorttitle = {Inventions pour bien bastir},
  author = {De L'Orme, Philibert},
  date = {1576},
  publisher = {{Paris : De l'Imprimerie de Hierosme de Marnes, \& Guillaume Cauellat}},
  url = {http://archive.org/details/inventionspovrbe00lorm},
  urldate = {2017-11-22},
  abstract = {The third edition. First published 1561, reprinted in 1568 and 1576 to accompany de l'Orme's Architecture; see Mortimer; Architectural t.p. border. De Marnef's device on t.p. and, in a larger version, on last p. (pelican). Port. on A6v. Numerous woodcut ill. Head and tail pieces, initials; Signatures: A-H I; Mortimer, R. French 16th-cent.; As D1 is correctly signed and the port. is present on A6v, it may be that the present copy is from the 1578 issue mentioned by Mortimer (citing Destailleur); Binding: vellum. Author and title written on spine. Two pairs of holes for ties at foredge; Centered on front pastedown is Giovanni Muzio's etched bookplate, signed in the plate by Giacomo Manzù. At head of t.p. is inscription of the Jesuit Domus professa in Antwerp, dated 1641, and to the right of the device is a later stamp in black ink (Sem. Pro. Belg. S.J.)},
  editora = {{Getty Research Institute}},
  editoratype = {collaborator},
  keywords = {Building,Fontes},
  langid = {french},
  pagetotal = {124}
}

@mvbook{memmo:1786elementi,
  title = {Elementi dell' architettura Lodoliana, o sia, L'arte del fabbricare con solidità scientifica e con eleganza non capricciosa, libri due},
  author = {Memmo, Andrea and Lodoli, Carlo and Longhi, Alessandro and Vitali, Pietro},
  date = {1786},
  publisher = {{Pagliarini}},
  location = {{Roma}},
  url = {http://archive.org/details/elementidellarch00lodo},
  abstract = {Final page blank; Errata: [1] folded leaf placed between p. IV and V; Signatures: pi(±pi3) a-2i 2k(±2k2) 2l-2m [2n]²(-[2n]1); "Vol. primo"; no more published; Includes bibliographical references and index; Includes an engraved portrait of the author by Pietro Vitali after a design by Ant. [sic; probably Alessandro?] Longhi; Library's c. 1 bound in old vellum; gilt title on spine; edges mottled with red and blue paint; Library's c. 2 bound in old vellum; gilt title on spine; edges stained red; printed on bluish paper; portrait of the author removed from the interior and bound as a frontispiece},
  editora = {{Getty Research Institute}},
  editoratype = {collaborator},
  keywords = {Architecture,Fontes},
  langid = {italian},
  pagetotal = {304},
  volumes = {2}
}

@book{milizia:1768vite,
  title = {Le vite de' più celebri architetti d'ogni nazione e d'ogni tempo : precedute da un saggio sopra l'architettura},
  shorttitle = {Vite},
  author = {Milizia, Francesco},
  date = {1768},
  publisher = {{Venanzio Monaldini}},
  location = {{Roma}},
  url = {http://archive.org/details/levitedepivceleb00mili},
  abstract = {The author is named in the 3rd ed. of the work: Memorie degli architetti antichi e moderni, Parma, 1781, and records his authorship in the autobiographical note in his Principi di architettura civile; Dedication signed: Giuseppe Antonio Monaldini; Books 1-4 have engraved caption title vignettes; Appendice sopra il meccanismo delle volte: p. 428-475; Includes indexes},
  editora = {Monaldini, Giuseppe Antonio and {Getty Research Institute}},
  editoratype = {collaborator},
  keywords = {Architects,Fontes},
  langid = {italian},
  pagetotal = {526}
}

@book{milizia:1832principj,
  title = {Principj di architettura civile},
  author = {Milizia, Francesco},
  date = {1832},
  publisher = {{V. Ferrario}},
  location = {{Milano}},
  url = {http://archive.org/details/architetturacivi01mili},
  abstract = {Title on spine: Milizia. Architettura; Engravings, some of which are signed L. Vigano; Portrait of Milizia is an acquatint by G. Bramante; Thirty-five of the plates bound separately, with title on spine: Milizia. Tavole},
  editora = {Antolini, Giovanni Antonio and {Getty Research Institute}},
  editoratype = {collaborator},
  keywords = {Architecture,Fontes},
  langid = {italian},
  pagetotal = {726}
}

@book{palladio:1570quattro,
  title = {I quattro libri dell’architettura},
  author = {Palladio, Andrea},
  date = {1570},
  publisher = {{Dominico de’ Franceschi}},
  location = {{Venezia}},
  keywords = {Fontes},
  langid = {italian}
}

@book{perrault:1683ordonnance,
  title = {Ordonnance des cinq espèces de colonnes selon la méthode des anciens},
  author = {Perrault, Claude},
  date = {1683},
  publisher = {{J.-B. Coignard}},
  location = {{Paris}},
  keywords = {Fontes},
  langid = {french}
}

@book{perrault:1996ordonnance,
  title = {Ordonnance for the {{Five Kinds}} of {{Columns}} after the {{Method}} of the {{Ancients}}},
  author = {Perrault, Claude},
  date = {1996-08-22},
  publisher = {{Getty}},
  location = {{Santa Monica}},
  abstract = {Perrault argues that rules of architecture be determined by reason, not by ancient precedent.},
  eprint = {RbVDAgAAQBAJ},
  eprinttype = {googlebooks},
  isbn = {978-0-89236-232-5},
  keywords = {Architecture / Criticism,Fontes},
  langid = {english},
  pagetotal = {208},
  translator = {McEwen, Indra Kagis}
}
% == BibLateX quality report for perrault:1996ordonnance:
% ? Title looks like it was stored in title-case in Zotero

@book{piranesi:1769diverse,
  title = {Diverse maniere d'adornare i cammini},
  author = {Piranesi, Giovanni Battista},
  date = {1769},
  publisher = {{Salomoni}},
  location = {{Roma}},
  url = {http://archive.org/details/McGillLibrary-rbsc_monumenta_piranesi_diverse-maniere-cammini_elfWFKP66cutter-18760},
  urldate = {2019-02-25},
  abstract = {4-36 pages, 69 plates ; 58 cm; Text in Italian, English and French},
  editora = {{McGill University Library}},
  editoratype = {collaborator},
  keywords = {Fireplaces -- Early works to 1800.,Fontes},
  langid = {italian}
}

@book{vignola:1876regras,
  title = {Regras das cinco ordens de architectura segundo os principios de Vignhola : com um ensaio sobre as mesmas ordens feito sobre o sentimento dos mais celebres architectos},
  shorttitle = {Regras das cinco ordens de architectura},
  author = {da Vignola, Giacomo Barozzi},
  date = {1876},
  publisher = {{Typographia Universal}},
  location = {{Lisboa}},
  url = {http://archive.org/details/regrasdascincoor00vign},
  urldate = {2019-02-21},
  editora = {{Getty Research Institute}},
  editoratype = {collaborator},
  keywords = {Architecture,Fontes},
  langid = {por},
  pagetotal = {362},
  translator = {e Andrade, José Calheiros de Magalhães}
}

@book{vitruve:1673dix,
  title = {Les dix livres d’architecture de Vitruve, corrigez et traduits nouvellement en françois, avec des notes \& des figures},
  shorttitle = {Dix livres d’architecture},
  author = {{Vitruve}},
  date = {1673},
  publisher = {{Jean Baptiste Coignard}},
  location = {{Paris}},
  url = {http://archive.org/details/gri_33125008503100},
  urldate = {2017-06-20},
  abstract = {Dedication signed by the editor, Claude Perrault; Engr. frontispiece by Gérard Scotin after Sebastien Le Clerc. Engraved ill. (some full page) by Scotin and Le Clerc, as well as Pieter van der Banck, Gérard Edelinck, Etienne Gantrel, Jacques Grignon, Jean Patigny, Nicolas Pitau, Georges Tournier. In-text woodcut ill. Engraved head- and tail-pieces by Le Clerc. Two engraved initials; Includes index; 234-237 repeated in paging; Binding: vellum. Brief title in gilt on spine label. Edges sprinkled red; Giovanni Muzio's bookplate, etched by Giacomo Manzù},
  editora = {Scotin, G. (Gérard) and Le Clerc, Sébastien and van der Banck, Pieter and Edelinck, Gérard and Gantrel, Etienne and Grignon, Jacques and Le Pautre, Pierre and Patigny, Jean and Pitau, Nicolas and Tournier, Georges and Coignard, Jean Baptiste and {Getty Research Institute}},
  editoratype = {collaborator},
  keywords = {Architecture,Fontes},
  langid = {french},
  pagetotal = {377},
  translator = {Perrault, Claude}
}

@book{vitruve:1684dix,
  title = {Les dix livres d’architecture de Vitruve, corrigez et traduits nouvellement en françois, avec des notes \& des figures},
  shorttitle = {Dix livres d’architecture},
  author = {{Vitruve}},
  date = {1684},
  edition = {2},
  publisher = {{J. B. Coignard}},
  location = {{Paris}},
  keywords = {Fontes},
  langid = {french},
  translator = {Perrault, Claude}
}

@book{vitruvio:2006tratado,
  title = {Tratado de arquitectura},
  author = {{Vitrúvio}},
  date = {2006},
  publisher = {{IST Press}},
  location = {{Lisboa}},
  keywords = {Fontes},
  langid = {por}
}

@book{vitruvio:2007tratado,
  title = {Tratado de arquitetura},
  author = {Vitrúvio},
  date = {2007},
  publisher = {{Martins Fontes}},
  location = {{São Paulo}},
  isbn = {978-85-7707-003-9},
  keywords = {Fontes},
  langid = {portuguese}
}

@book{vitruvius:1486architectura,
  title = {De architectura},
  author = {Vitruvius},
  date = {1486},
  publisher = {{G. Herold}},
  location = {{Roma}},
  keywords = {Fontes},
  langid = {latin}
}


