
@book{ching:2016historia,
  title = {História global da arquitetura},
  author = {Ching, Francis D. K. and Jarzombek, Mark M. and Prakash, Vikramaditya},
  date = {2016-04-20},
  edition = {1},
  publisher = {{Senac São Paulo}},
  location = {{São Paulo}},
  abstract = {Organizado através de uma linha do tempo, História global da arquitetura apresenta um ponto de vista inovador para o estudo da história da arquitetura, abrangendo desde o ano de 3500 a.C. até o século XX. É um estudo sem precedentes, realizado por uma equipe de especialistas na área, que enfatiza as conexões, os contrastes e as influências dos movimentos arquitetônicos ao longo do tempo. A história da arquitetura mundial é apresentada a partir de uma estrutura unificada, auxiliando a interpretação e a compreensão do assunto, enriquecida pelas ilustrações de Francis D. K. Ching e por um significativo material fotográfico (mais de 1000 imagens).},
  isbn = {978-85-396-0903-1},
  keywords = {Livro-texto},
  langid = {por},
  translator = {Salvaterra, Alexandre}
}

@book{chitham:2005classical,
  title = {The Classical Orders of Architecture},
  author = {Chitham, Robert},
  date = {2005},
  edition = {2},
  publisher = {{Architectural Press}},
  location = {{Amsterdam}},
  isbn = {978-0-7506-6124-9},
  keywords = {Livro-texto},
  langid = {english},
  pagetotal = {228}
}

@incollection{sambricio:2014projetos,
  title = {Projetos espaciais na América espanhola no último terço do século XVIII: economia, política e ordenação territorial},
  booktitle = {Tempos e escalas da cidade e do urbanismo: quatro palestras},
  author = {Sambricio, Carlos},
  editor = {Peixoto, Elane Ribeiro and Derntl, Maria Fernanda and Palazzo, Pedro P. and Trevisan, Ricardo},
  date = {2014},
  pages = {29--59},
  publisher = {{Faculdade de Arquitetura e Urbanismo da Universidade de Brasília}},
  location = {{Brasília}},
  isbn = {978-85-60762-18-7},
  keywords = {Livro-texto},
  langid = {por},
  translator = {Palazzo, Pedro P. and Peixoto, Elane Ribeiro}
}

@book{summerson:1997linguagem,
  title = {A linguagem clássica da arquitetura},
  author = {Summerson, John},
  date = {1997},
  publisher = {{Martins Fontes}},
  location = {{São Paulo}},
  keywords = {Livro-texto},
  langid = {por},
  translator = {Ficher, Sylvia}
}


